,Ogrid,Name,Well Count,Inactive Wells,5.9 Compliance,Property,Well Name,Lease Type,ULSTR,OCD Unit Letter,API,Well Type,Last Prod/Inj,Inactive Additional Bond Due,Bonding Depth,Required Bond Amount,Bond Required Now,Covered By Blanket TA Bond,Bond In Place,In Violation
0,308397,"06 SWD, LLC",1.0,0.0,Yes,313505.0,STATE AK SWD #001,S,N-10-11S-33E,N,30-025-21800,S,10/2019,11/2021,10200.0,45400.0,,,15200.0,
1,372603,"3BEAR FIELD SERVICES, LLC",15.0,0.0,Yes,322872.0,BEAR CUB SWD #001,S,H-36-19S-28E,H,30-015-45443,S,,,14000.0,53000.0,,,0.0,
2,372603,"3BEAR FIELD SERVICES, LLC",15.0,0.0,Yes,322865.0,BEAR TRACKER SWD #001,S,D-16-26S-27E,D,30-015-45435,S,,,15150.0,55300.0,,,0.0,
3,372603,"3BEAR FIELD SERVICES, LLC",15.0,0.0,Yes,326059.0,BERRY SWD #001,P,I-35-20S-34E,I,30-025-41703,S,07/2020,08/2022,7062.0,39124.0,,,0.0,
4,372603,"3BEAR FIELD SERVICES, LLC",15.0,0.0,Yes,327186.0,DOODLE BUG STATE SWD #001,S,G-16-22S-33E,G,30-025-44144,S,,,17200.0,59400.0,,,0.0,
5,372603,"3BEAR FIELD SERVICES, LLC",15.0,0.0,Yes,321564.0,FOUNDATION MINERALS FEE SWD #001,P,L-04-24S-27E,L,30-015-45047,S,,,14095.0,53190.0,,,0.0,
6,372603,"3BEAR FIELD SERVICES, LLC",15.0,0.0,Yes,322295.0,GILLOCK BROWN SWD #001,P,C-33-22S-26E,C,30-015-45219,S,,,13345.0,51690.0,,,0.0,
7,372603,"3BEAR FIELD SERVICES, LLC",15.0,0.0,Yes,321563.0,HOOD FEE SWD #001,P,H-10-24S-26E,H,30-015-45046,S,,,16712.0,58424.0,,,0.0,
8,372603,"3BEAR FIELD SERVICES, LLC",15.0,0.0,Yes,328887.0,LOMBARD STATE SWD #001,S,12-06-21S-33E,D,30-025-47424,S,,,17000.0,59000.0,,,0.0,
9,269267,801 LLC,5.0,0.0,Yes,322785.0,STATE A #005,S,O-05-19S-28E,O,30-015-02186,O,03/2020,04/2022,99999.0,224998.0,,,0.0,
10,269267,801 LLC,5.0,0.0,Yes,322781.0,STATE B #001,S,K-05-19S-28E,K,30-015-02183,O,03/2020,04/2022,99999.0,224998.0,,,0.0,
11,269267,801 LLC,5.0,0.0,Yes,,STATE B #004,S,K-05-19S-28E,K,30-015-02182,O,03/2020,04/2022,99999.0,224998.0,,,0.0,
12,269267,801 LLC,5.0,0.0,Yes,322783.0,STATE C #003,S,F-05-19S-28E,F,30-015-02185,O,03/2020,04/2022,99999.0,224998.0,,,0.0,
13,371762,"ABO EMPIRE, LLC",5.0,2.0,Yes,317191.0,LOIS MAE STATE #001,S,K-27-17S-28E,K,30-015-01580,O,05/2019,06/2021,2137.0,29274.0,,,0.0,
14,371762,"ABO EMPIRE, LLC",5.0,2.0,Yes,,LOIS MAE STATE #002,S,K-27-17S-28E,K,30-015-21975,O,05/2019,06/2021,903.0,26806.0,,,0.0,
15,371762,"ABO EMPIRE, LLC",5.0,2.0,Yes,326153.0,PENASCO #001,P,O-20-18S-25E,O,30-015-22077,G,09/2019,10/2021,99999.0,224998.0,,,0.0,
16,184,ACOMA OIL CORP,3.0,1.0,Yes,29.0,S J SARKEYS A #001,P,A-26-21S-37E,A,30-025-21278,O,07/2020,08/2022,7290.0,39580.0,,,39580.0,
17,184,ACOMA OIL CORP,3.0,1.0,Yes,30.0,S J SARKEYS B #001,P,B-26-21S-37E,B,30-025-06785,G,04/2016,05/2018,6551.0,38102.0,Y,,38102.0,
18,184,ACOMA OIL CORP,3.0,1.0,Yes,,S J SARKEYS B #002,P,B-26-21S-37E,B,30-025-21920,O,07/2020,08/2022,7299.0,39598.0,,,39598.0,
19,289660,"ADDINGTON, LLC",2.0,0.0,Yes,310140.0,ATLANTIC A STATE #001,S,E-12-17S-28E,E,30-015-01357,O,03/2020,04/2022,1685.0,28370.0,,,6685.0,
20,289660,"ADDINGTON, LLC",2.0,0.0,Yes,,ATLANTIC A STATE #002,S,F-12-17S-28E,F,30-015-01358,O,03/2020,04/2022,1750.0,28500.0,,,6750.0,
21,372417,"ADVANCE ENERGY PARTNERS HAT MESA, LLC",86.0,2.0,Yes,319595.0,ABE #001,S,O-28-21S-33E,O,30-025-33061,O,06/2020,07/2022,15100.0,55200.0,,,0.0,
22,372417,"ADVANCE ENERGY PARTNERS HAT MESA, LLC",86.0,2.0,Yes,322148.0,AO 6 #502H,S,P-06-22S-33E,P,30-025-45012,O,06/2020,07/2022,10771.0,46542.0,,,0.0,
23,372417,"ADVANCE ENERGY PARTNERS HAT MESA, LLC",86.0,2.0,Yes,319596.0,AO 6 STATE COM #001H,S,I-06-22S-33E,I,30-025-40519,O,06/2020,07/2022,10922.0,46844.0,,,0.0,
24,372417,"ADVANCE ENERGY PARTNERS HAT MESA, LLC",86.0,2.0,Yes,,AO 6 STATE COM #501H,S,P-06-22S-33E,P,30-025-45026,O,06/2020,07/2022,10637.0,46274.0,,,0.0,
25,372417,"ADVANCE ENERGY PARTNERS HAT MESA, LLC",86.0,2.0,Yes,319597.0,COOP 6 STATE #002H,S,H-06-22S-33E,H,30-025-41981,O,06/2020,07/2022,10833.0,46666.0,,,0.0,
26,372417,"ADVANCE ENERGY PARTNERS HAT MESA, LLC",86.0,2.0,Yes,319598.0,COOP 6 STATE COM #001H,S,1-06-22S-33E,A,30-025-41177,O,06/2020,07/2022,10884.0,46768.0,,,0.0,
27,372417,"ADVANCE ENERGY PARTNERS HAT MESA, LLC",86.0,2.0,Yes,326073.0,CROCKETT STATE #002H,S,H-20-21S-33E,H,30-025-41080,O,01/2020,02/2022,11778.0,48556.0,,,0.0,
28,372417,"ADVANCE ENERGY PARTNERS HAT MESA, LLC",86.0,2.0,Yes,322717.0,DAGGER 5 STATE COM #001,S,K-05-22S-33E,K,30-025-37630,G,01/2020,02/2022,14874.0,54748.0,,,0.0,
29,372417,"ADVANCE ENERGY PARTNERS HAT MESA, LLC",86.0,2.0,Yes,325950.0,DAGGER LAKE 5 STATE #001,S,O-05-22S-33E,O,30-025-31653,O,07/1995,08/1997,8810.0,42620.0,Y,Y,13810.0,
30,372417,"ADVANCE ENERGY PARTNERS HAT MESA, LLC",86.0,2.0,Yes,,DAGGER LAKE 5 STATE #801H,S,L-05-22S-33E,L,30-025-46289,O,06/2020,07/2022,12036.0,49072.0,,,0.0,
31,372417,"ADVANCE ENERGY PARTNERS HAT MESA, LLC",86.0,2.0,Yes,319599.0,DAGGER LAKE 5 STATE COM #501H,S,L-05-22S-33E,L,30-025-45579,O,06/2020,07/2022,19157.0,63314.0,,,0.0,
32,372417,"ADVANCE ENERGY PARTNERS HAT MESA, LLC",86.0,2.0,Yes,,DAGGER LAKE 5 STATE COM #503H,S,L-05-22S-33E,L,30-025-45703,O,06/2020,07/2022,19100.0,63200.0,,,0.0,
33,372417,"ADVANCE ENERGY PARTNERS HAT MESA, LLC",86.0,2.0,Yes,,DAGGER LAKE 5 STATE COM #505H,S,K-05-22S-33E,K,30-025-46290,O,,,19270.0,63540.0,,,0.0,
34,372417,"ADVANCE ENERGY PARTNERS HAT MESA, LLC",86.0,2.0,Yes,,DAGGER LAKE 5 STATE COM #507H,S,K-05-22S-33E,K,30-025-46291,O,,,19270.0,63540.0,,,0.0,
35,372417,"ADVANCE ENERGY PARTNERS HAT MESA, LLC",86.0,2.0,Yes,,DAGGER LAKE 5 STATE COM #551H,S,L-05-22S-33E,L,30-025-46416,O,06/2020,07/2022,19000.0,63000.0,,,0.0,
36,372417,"ADVANCE ENERGY PARTNERS HAT MESA, LLC",86.0,2.0,Yes,,DAGGER LAKE 5 STATE COM #553H,S,K-05-22S-33E,K,30-025-46881,O,,,19060.0,63120.0,,,0.0,
37,372417,"ADVANCE ENERGY PARTNERS HAT MESA, LLC",86.0,2.0,Yes,,DAGGER LAKE 5 STATE COM #601H,S,L-05-22S-33E,L,30-025-45853,O,06/2020,07/2022,21875.0,68750.0,,,0.0,
38,372417,"ADVANCE ENERGY PARTNERS HAT MESA, LLC",86.0,2.0,Yes,,DAGGER LAKE 5 STATE COM #603H,S,L-05-22S-33E,L,30-025-45854,O,06/2020,07/2022,21875.0,68750.0,,,0.0,
39,372417,"ADVANCE ENERGY PARTNERS HAT MESA, LLC",86.0,2.0,Yes,,DAGGER LAKE 5 STATE COM #605H,S,K-05-22S-33E,K,30-025-46292,O,,,19270.0,63540.0,,,0.0,
40,372417,"ADVANCE ENERGY PARTNERS HAT MESA, LLC",86.0,2.0,Yes,,DAGGER LAKE 5 STATE COM #607H,S,K-05-22S-33E,K,30-025-46293,O,,,19270.0,63540.0,,,0.0,
41,372417,"ADVANCE ENERGY PARTNERS HAT MESA, LLC",86.0,2.0,Yes,,DAGGER LAKE 5 STATE COM #803H,S,K-05-22S-33E,K,30-025-46437,O,,,21300.0,67600.0,,,0.0,
42,372417,"ADVANCE ENERGY PARTNERS HAT MESA, LLC",86.0,2.0,Yes,319600.0,DAGGER LAKE 6 STATE #002,S,G-06-22S-33E,G,30-025-27573,O,06/2017,07/2019,15250.0,55500.0,Y,Y,0.0,
43,372417,"ADVANCE ENERGY PARTNERS HAT MESA, LLC",86.0,2.0,Yes,319601.0,DAGGER STATE COM #504H,S,H-30-21S-33E,H,30-025-43302,O,06/2020,07/2022,10922.0,46844.0,,,0.0,
44,372417,"ADVANCE ENERGY PARTNERS HAT MESA, LLC",86.0,2.0,Yes,,DAGGER STATE COM #505H,S,H-30-21S-33E,H,30-025-43627,O,06/2020,07/2022,11038.0,47076.0,,,0.0,
45,372417,"ADVANCE ENERGY PARTNERS HAT MESA, LLC",86.0,2.0,Yes,,DAGGER STATE COM #506H,S,G-30-21S-33E,G,30-025-43564,O,06/2020,07/2022,10878.0,46756.0,,,0.0,
46,372417,"ADVANCE ENERGY PARTNERS HAT MESA, LLC",86.0,2.0,Yes,,DAGGER STATE COM #508H,S,G-30-21S-33E,G,30-025-43629,O,06/2020,07/2022,10986.0,46972.0,,,0.0,
47,372417,"ADVANCE ENERGY PARTNERS HAT MESA, LLC",86.0,2.0,Yes,,DAGGER STATE COM #552H,S,G-30-21S-33E,G,30-025-45934,O,06/2020,07/2022,18600.0,62200.0,,,0.0,
48,372417,"ADVANCE ENERGY PARTNERS HAT MESA, LLC",86.0,2.0,Yes,,DAGGER STATE COM #604H,S,H-30-21S-33E,H,30-025-44407,O,03/2020,04/2022,11838.0,48676.0,,,0.0,
49,372417,"ADVANCE ENERGY PARTNERS HAT MESA, LLC",86.0,2.0,Yes,,DAGGER STATE COM #701H,S,H-30-21S-33E,H,30-025-43565,O,06/2020,07/2022,11922.0,48844.0,,,0.0,
50,372417,"ADVANCE ENERGY PARTNERS HAT MESA, LLC",86.0,2.0,Yes,,DAGGER STATE COM #802H,S,G-30-21S-33E,G,30-025-45935,O,06/2020,07/2022,21300.0,67600.0,,,0.0,
51,372417,"ADVANCE ENERGY PARTNERS HAT MESA, LLC",86.0,2.0,Yes,325283.0,DAGGER STATE SWD #001,S,G-30-21S-33E,G,30-025-45815,S,06/2020,07/2022,17695.0,60390.0,,,0.0,
52,372417,"ADVANCE ENERGY PARTNERS HAT MESA, LLC",86.0,2.0,Yes,319602.0,DAGGER STATE UNIT #001,S,F-30-21S-33E,F,30-025-27222,O,06/2020,07/2022,15160.0,55320.0,,,0.0,
53,372417,"ADVANCE ENERGY PARTNERS HAT MESA, LLC",86.0,2.0,Yes,,DAGGER STATE UNIT #002H,S,P-31-21S-33E,P,30-025-41178,O,06/2020,07/2022,10944.0,46888.0,,,0.0,
54,372417,"ADVANCE ENERGY PARTNERS HAT MESA, LLC",86.0,2.0,Yes,,DAGGER STATE UNIT #003,S,K-19-21S-33E,K,30-025-36595,O,06/2020,07/2022,14683.0,54366.0,,,0.0,
55,372417,"ADVANCE ENERGY PARTNERS HAT MESA, LLC",86.0,2.0,Yes,319603.0,MERCHANT STATE UNIT #001,S,I-35-21S-33E,I,30-025-29991,O,06/2020,07/2022,16450.0,57900.0,,,0.0,
56,372417,"ADVANCE ENERGY PARTNERS HAT MESA, LLC",86.0,2.0,Yes,,MERCHANT STATE UNIT #301H,S,D-35-21S-33E,D,30-025-46695,O,,,20203.0,65406.0,,,0.0,
57,372417,"ADVANCE ENERGY PARTNERS HAT MESA, LLC",86.0,2.0,Yes,,MERCHANT STATE UNIT #302H,S,C-35-21S-33E,C,30-025-46701,O,,,22133.0,69266.0,,,0.0,
58,372417,"ADVANCE ENERGY PARTNERS HAT MESA, LLC",86.0,2.0,Yes,,MERCHANT STATE UNIT #501H,S,D-35-21S-33E,D,30-025-46696,O,,,20665.0,66330.0,,,0.0,
59,372417,"ADVANCE ENERGY PARTNERS HAT MESA, LLC",86.0,2.0,Yes,,MERCHANT STATE UNIT #503H,S,C-35-21S-33E,C,30-025-43909,O,06/2020,07/2022,10985.0,46970.0,,,0.0,
60,372417,"ADVANCE ENERGY PARTNERS HAT MESA, LLC",86.0,2.0,Yes,,MERCHANT STATE UNIT #504H,S,B-35-21S-33E,B,30-025-45267,O,06/2020,07/2022,21067.0,67134.0,,,0.0,
61,372417,"ADVANCE ENERGY PARTNERS HAT MESA, LLC",86.0,2.0,Yes,,MERCHANT STATE UNIT #505H,S,A-35-21S-33E,A,30-025-45268,O,06/2020,07/2022,20958.0,66916.0,,,0.0,
62,372417,"ADVANCE ENERGY PARTNERS HAT MESA, LLC",86.0,2.0,Yes,,MERCHANT STATE UNIT #506H,S,A-35-21S-33E,A,30-025-44896,O,,,21817.0,68634.0,,,0.0,
63,372417,"ADVANCE ENERGY PARTNERS HAT MESA, LLC",86.0,2.0,Yes,,MERCHANT STATE UNIT #506Y,S,A-35-21S-33E,A,30-025-45027,O,06/2020,07/2022,11044.0,47088.0,,,0.0,
64,372417,"ADVANCE ENERGY PARTNERS HAT MESA, LLC",86.0,2.0,Yes,,MERCHANT STATE UNIT #509H,S,D-35-21S-33E,D,30-025-46700,O,,,22318.0,69636.0,,,0.0,
65,372417,"ADVANCE ENERGY PARTNERS HAT MESA, LLC",86.0,2.0,Yes,,MERCHANT STATE UNIT #510H,S,C-35-21S-33E,C,30-025-46702,O,,,22132.0,69264.0,,,0.0,
66,372417,"ADVANCE ENERGY PARTNERS HAT MESA, LLC",86.0,2.0,Yes,,MERCHANT STATE UNIT #511H,S,C-35-21S-33E,C,30-025-46697,O,,,20840.0,66680.0,,,0.0,
67,372417,"ADVANCE ENERGY PARTNERS HAT MESA, LLC",86.0,2.0,Yes,,MERCHANT STATE UNIT #512H,S,A-35-21S-33E,A,30-025-45447,O,06/2020,07/2022,20675.0,66350.0,,,0.0,
68,372417,"ADVANCE ENERGY PARTNERS HAT MESA, LLC",86.0,2.0,Yes,,MERCHANT STATE UNIT #551H,S,D-35-21S-33E,D,30-025-46363,O,06/2020,07/2022,21785.0,68570.0,,,0.0,
69,372417,"ADVANCE ENERGY PARTNERS HAT MESA, LLC",86.0,2.0,Yes,,MERCHANT STATE UNIT #552H,S,C-35-21S-33E,C,30-025-46703,O,,,22131.0,69262.0,,,0.0,
70,372417,"ADVANCE ENERGY PARTNERS HAT MESA, LLC",86.0,2.0,Yes,,MERCHANT STATE UNIT #553H,S,C-35-21S-36E,C,30-025-46698,O,,,21421.0,67842.0,,,0.0,
71,372417,"ADVANCE ENERGY PARTNERS HAT MESA, LLC",86.0,2.0,Yes,,MERCHANT STATE UNIT #554H,S,A-35-21S-33E,A,30-025-46662,O,,,21383.0,67766.0,,,0.0,
72,372417,"ADVANCE ENERGY PARTNERS HAT MESA, LLC",86.0,2.0,Yes,,MERCHANT STATE UNIT #601H,S,D-35-21S-33E,D,30-025-45084,O,06/2020,07/2022,12131.0,49262.0,,,0.0,
73,372417,"ADVANCE ENERGY PARTNERS HAT MESA, LLC",86.0,2.0,Yes,,MERCHANT STATE UNIT #602H,S,D-35-21S-33E,D,30-025-45448,O,06/2020,07/2022,11880.0,48760.0,,,0.0,
74,372417,"ADVANCE ENERGY PARTNERS HAT MESA, LLC",86.0,2.0,Yes,,MERCHANT STATE UNIT #603H,S,C-35-21S-33E,C,30-025-46704,O,,,22133.0,69266.0,,,0.0,
75,372417,"ADVANCE ENERGY PARTNERS HAT MESA, LLC",86.0,2.0,Yes,,MERCHANT STATE UNIT #604H,S,C-35-21S-33E,C,30-025-46699,O,,,22081.0,69162.0,,,0.0,
76,372417,"ADVANCE ENERGY PARTNERS HAT MESA, LLC",86.0,2.0,Yes,,MERCHANT STATE UNIT #604Y,S,C-35-21S-33E,C,30-025-47423,O,,,22081.0,69162.0,,,0.0,
77,372417,"ADVANCE ENERGY PARTNERS HAT MESA, LLC",86.0,2.0,Yes,,MERCHANT STATE UNIT #605H,S,A-35-21S-33E,A,30-025-46663,O,,,22110.0,69220.0,,,0.0,
78,372417,"ADVANCE ENERGY PARTNERS HAT MESA, LLC",86.0,2.0,Yes,,MERCHANT STATE UNIT #606H,S,A-35-21S-33E,A,30-025-46664,O,,,21872.0,68744.0,,,0.0,
79,372417,"ADVANCE ENERGY PARTNERS HAT MESA, LLC",86.0,2.0,Yes,319604.0,STATE LT 32 COM #001,S,K-32-21S-33E,K,30-025-27453,O,05/2020,06/2022,15140.0,55280.0,,,0.0,
80,372417,"ADVANCE ENERGY PARTNERS HAT MESA, LLC",86.0,2.0,Yes,319606.0,TOMAHAWK #001,S,3-31-21S-33E,L,30-025-33069,S,06/2020,07/2022,9100.0,43200.0,,,0.0,
81,372417,"ADVANCE ENERGY PARTNERS HAT MESA, LLC",86.0,2.0,Yes,319607.0,WOOL HEAD 20 STATE #003,S,M-20-21S-33E,M,30-025-42142,O,01/2020,02/2022,12805.0,50610.0,,,0.0,
82,372417,"ADVANCE ENERGY PARTNERS HAT MESA, LLC",86.0,2.0,Yes,325948.0,WOOL HEAD 20 STATE COM #507H,S,O-20-21S-33E,O,30-025-46468,O,06/2020,07/2022,19270.0,63540.0,,,0.0,
83,372417,"ADVANCE ENERGY PARTNERS HAT MESA, LLC",86.0,2.0,Yes,,WOOL HEAD 20 STATE COM #508H,S,O-20-21S-33E,O,30-025-46469,O,,,19270.0,63540.0,,,0.0,
84,372417,"ADVANCE ENERGY PARTNERS HAT MESA, LLC",86.0,2.0,Yes,,WOOL HEAD 20 STATE COM #509H,S,O-20-21S-33E,O,30-025-46470,O,06/2020,07/2022,19270.0,63540.0,,,0.0,
85,372417,"ADVANCE ENERGY PARTNERS HAT MESA, LLC",86.0,2.0,Yes,,WOOL HEAD 20 STATE COM #510H,S,P-20-21S-33E,P,30-025-46490,O,06/2020,07/2022,18147.0,61294.0,,,0.0,
86,372417,"ADVANCE ENERGY PARTNERS HAT MESA, LLC",86.0,2.0,Yes,,WOOL HEAD 20 STATE COM #511H,S,P-20-21S-33E,P,30-025-46491,O,06/2020,07/2022,18200.0,61400.0,,,0.0,
87,372417,"ADVANCE ENERGY PARTNERS HAT MESA, LLC",86.0,2.0,Yes,,WOOL HEAD 20 STATE COM #512H,S,P-20-21S-33E,P,30-025-46492,O,06/2020,07/2022,18200.0,61400.0,,,0.0,
88,372417,"ADVANCE ENERGY PARTNERS HAT MESA, LLC",86.0,2.0,Yes,,WOOL HEAD 20 STATE COM #553H,S,O-20-21S-33E,O,30-025-46471,O,06/2020,07/2022,19270.0,63540.0,,,0.0,
89,372417,"ADVANCE ENERGY PARTNERS HAT MESA, LLC",86.0,2.0,Yes,,WOOL HEAD 20 STATE COM #554H,S,P-20-21S-33E,P,30-025-46483,O,06/2020,07/2022,19000.0,63000.0,,,0.0,
90,372417,"ADVANCE ENERGY PARTNERS HAT MESA, LLC",86.0,2.0,Yes,,WOOL HEAD 20 STATE COM #605H,S,O-20-21S-33E,O,30-025-46266,O,06/2020,07/2022,19270.0,63540.0,,,0.0,
91,372417,"ADVANCE ENERGY PARTNERS HAT MESA, LLC",86.0,2.0,Yes,,WOOL HEAD 20 STATE COM #606H,S,O-20-21S-33E,O,30-025-46267,O,,,19270.0,63540.0,,,0.0,
92,372417,"ADVANCE ENERGY PARTNERS HAT MESA, LLC",86.0,2.0,Yes,,WOOL HEAD 20 STATE COM #607H,S,P-20-21S-33E,P,30-025-46329,O,,,21300.0,67600.0,,,0.0,
93,372417,"ADVANCE ENERGY PARTNERS HAT MESA, LLC",86.0,2.0,Yes,,WOOL HEAD 20 STATE COM #608H,S,P-20-21S-33E,P,30-025-46328,O,,,19270.0,63540.0,,,0.0,
94,372417,"ADVANCE ENERGY PARTNERS HAT MESA, LLC",86.0,2.0,Yes,,WOOL HEAD 20 STATE COM #703H,S,O-20-21S-33E,O,30-025-46268,O,,,21300.0,67600.0,,,0.0,
95,372417,"ADVANCE ENERGY PARTNERS HAT MESA, LLC",86.0,2.0,Yes,,WOOL HEAD 20 STATE COM #804H,S,P-20-21S-33E,P,30-025-46327,O,,,19270.0,63540.0,,,0.0,
96,371710,"ADVANCED WIRELESS COMMUNICATIONS, L.L.C.",166.0,6.0,No,327091.0,ATKINS #001,P,B-15-31N-13W,B,30-045-10815,G,01/2020,02/2022,6800.0,38600.0,,,0.0,
97,371710,"ADVANCED WIRELESS COMMUNICATIONS, L.L.C.",166.0,6.0,No,327092.0,BADGER 11 #001A,P,G-11-25N-02W,G,30-039-30561,G,01/2020,02/2022,6285.0,37570.0,,,0.0,
98,371710,"ADVANCED WIRELESS COMMUNICATIONS, L.L.C.",166.0,6.0,No,,BADGER 11 #001B,P,G-11-25N-02W,G,30-039-30562,G,06/2020,07/2022,6461.0,37922.0,,,0.0,
99,371710,"ADVANCED WIRELESS COMMUNICATIONS, L.L.C.",166.0,6.0,No,327094.0,BANSHEE #001,P,E-15-25N-02W,E,30-039-24204,O,06/2020,07/2022,8098.0,41196.0,,,0.0,
100,371710,"ADVANCED WIRELESS COMMUNICATIONS, L.L.C.",166.0,6.0,No,327096.0,BIG BUCKS #001,S,D-16-30N-12W,D,30-045-33123,G,06/2020,07/2022,2350.0,29700.0,,,0.0,
101,371710,"ADVANCED WIRELESS COMMUNICATIONS, L.L.C.",166.0,6.0,No,,BIG BUCKS #002,S,L-16-30N-12W,L,30-045-33124,G,06/2020,07/2022,2156.0,29312.0,,,0.0,
102,371710,"ADVANCED WIRELESS COMMUNICATIONS, L.L.C.",166.0,6.0,No,328230.0,BROWN #001,P,E-34-24N-02W,E,30-039-22808,G,06/2020,07/2022,3150.0,31300.0,,,0.0,
103,371710,"ADVANCED WIRELESS COMMUNICATIONS, L.L.C.",166.0,6.0,No,,BROWN #002,P,G-34-24N-02W,G,30-039-22809,G,06/2020,07/2022,3160.0,31320.0,,,0.0,
104,371710,"ADVANCED WIRELESS COMMUNICATIONS, L.L.C.",166.0,6.0,No,326892.0,CHARLES HUTTON COM #001,P,A-23-30N-12W,A,30-045-09393,G,05/2020,06/2022,6538.0,38076.0,,,0.0,
105,371710,"ADVANCED WIRELESS COMMUNICATIONS, L.L.C.",166.0,6.0,No,323030.0,CHILI AGY STATE #001,S,C-16-27N-12W,C,30-045-23452,G,06/2020,07/2022,6100.0,37200.0,,,0.0,
106,371710,"ADVANCED WIRELESS COMMUNICATIONS, L.L.C.",166.0,6.0,No,326891.0,CHUCKY #002,P,I-23-30N-12W,I,30-045-30455,G,06/2020,07/2022,1910.0,28820.0,,,0.0,
107,371710,"ADVANCED WIRELESS COMMUNICATIONS, L.L.C.",166.0,6.0,No,,CHUCKY #003,P,A-23-30N-12W,A,30-045-31120,G,06/2020,07/2022,1950.0,28900.0,,,0.0,
108,371710,"ADVANCED WIRELESS COMMUNICATIONS, L.L.C.",166.0,6.0,No,327098.0,COYOTE 9 #002,P,P-09-25N-02W,P,30-039-26789,G,06/2020,07/2022,6088.0,37176.0,,,0.0,
109,371710,"ADVANCED WIRELESS COMMUNICATIONS, L.L.C.",166.0,6.0,No,323031.0,D MILLER #001,S,M-21-30N-13W,M,30-045-09309,G,06/2020,07/2022,6063.0,37126.0,,,0.0,
110,371710,"ADVANCED WIRELESS COMMUNICATIONS, L.L.C.",166.0,6.0,No,328183.0,DAVIS #002,P,A-09-26N-02W,A,30-039-21798,G,06/2020,07/2022,6029.0,37058.0,,,0.0,
111,371710,"ADVANCED WIRELESS COMMUNICATIONS, L.L.C.",166.0,6.0,No,328184.0,DOUTHIT BROWNING COM #001J,P,O-05-23N-01W,O,30-039-21096,G,06/2020,07/2022,3234.0,31468.0,,,0.0,
112,371710,"ADVANCED WIRELESS COMMUNICATIONS, L.L.C.",166.0,6.0,No,327101.0,ELK COM 34 #001,P,K-34-26N-02W,K,30-039-25986,G,06/2020,07/2022,6327.0,37654.0,,,0.0,
113,371710,"ADVANCED WIRELESS COMMUNICATIONS, L.L.C.",166.0,6.0,No,328192.0,EMMA MCDANIEL #001,P,P-22-24N-01W,P,30-039-05350,G,06/2020,07/2022,2990.0,30980.0,,,0.0,
114,371710,"ADVANCED WIRELESS COMMUNICATIONS, L.L.C.",166.0,6.0,No,323033.0,FARMSWORTH GAS COM B #001,P,O-08-30N-13W,O,30-045-09636,G,06/2020,07/2022,6140.0,37280.0,,,0.0,
115,371710,"ADVANCED WIRELESS COMMUNICATIONS, L.L.C.",166.0,6.0,No,328200.0,H B BROWNING #003,P,3-04-23N-01W,C,30-039-05180,G,04/2020,05/2022,3150.0,31300.0,,,0.0,
116,371710,"ADVANCED WIRELESS COMMUNICATIONS, L.L.C.",166.0,6.0,No,327103.0,HUTCHINSON #001R,P,H-01-29N-13W,H,30-045-31266,G,06/2020,07/2022,1722.0,28444.0,,,0.0,
117,371710,"ADVANCED WIRELESS COMMUNICATIONS, L.L.C.",166.0,6.0,No,,HUTCHINSON #002,P,3-01-29N-13W,C,30-045-34241,G,,,1725.0,28450.0,,,0.0,
118,371710,"ADVANCED WIRELESS COMMUNICATIONS, L.L.C.",166.0,6.0,No,322946.0,JOHNSON #001,P,M-21-31N-13W,M,30-045-13141,G,06/2020,07/2022,6690.0,38380.0,,,0.0,
119,371710,"ADVANCED WIRELESS COMMUNICATIONS, L.L.C.",166.0,6.0,No,323036.0,KENJI #001,P,B-17-30N-13W,B,30-045-32974,G,06/2020,07/2022,3316.0,31632.0,,,0.0,
120,371710,"ADVANCED WIRELESS COMMUNICATIONS, L.L.C.",166.0,6.0,No,328207.0,LEESON #001,P,K-27-25N-03W,K,30-039-23720,O,06/2020,07/2022,8256.0,41512.0,,,0.0,
121,371710,"ADVANCED WIRELESS COMMUNICATIONS, L.L.C.",166.0,6.0,No,,LEESON #002,P,E-27-25N-03W,E,30-039-23880,O,06/2020,07/2022,8170.0,41340.0,,,0.0,
122,371710,"ADVANCED WIRELESS COMMUNICATIONS, L.L.C.",166.0,6.0,No,,LEESON #004,P,N-27-25N-03W,N,30-039-25065,O,06/2020,07/2022,8200.0,41400.0,,,0.0,
123,371710,"ADVANCED WIRELESS COMMUNICATIONS, L.L.C.",166.0,6.0,No,327105.0,MARAUDER #001,P,N-08-25N-02W,N,30-039-23932,G,06/2020,07/2022,8282.0,41564.0,,,0.0,
124,371710,"ADVANCED WIRELESS COMMUNICATIONS, L.L.C.",166.0,6.0,No,322947.0,MCCARTY #001,P,N-14-31N-13W,N,30-045-10686,G,06/2020,07/2022,6662.0,38324.0,,,0.0,
125,371710,"ADVANCED WIRELESS COMMUNICATIONS, L.L.C.",166.0,6.0,No,328208.0,MCDANIEL COM #001,P,E-22-24N-01W,E,30-039-05392,G,04/2020,05/2022,3070.0,31140.0,,,0.0,
126,371710,"ADVANCED WIRELESS COMMUNICATIONS, L.L.C.",166.0,6.0,No,320664.0,MIMS STATE COM #002,S,C-16-29N-09W,C,30-045-20587,G,06/2020,07/2022,6790.0,38580.0,,,0.0,
127,371710,"ADVANCED WIRELESS COMMUNICATIONS, L.L.C.",166.0,6.0,No,328211.0,MISSY #001Y,P,E-35-25N-03W,E,30-039-24094,O,06/2020,07/2022,8330.0,41660.0,,,0.0,
128,371710,"ADVANCED WIRELESS COMMUNICATIONS, L.L.C.",166.0,6.0,No,,MISSY #003,P,N-35-25N-03W,N,30-039-24373,O,04/2020,05/2022,8030.0,41060.0,,,0.0,
129,371710,"ADVANCED WIRELESS COMMUNICATIONS, L.L.C.",166.0,6.0,No,328231.0,MYERS #001,P,D-35-25N-03W,D,30-039-21794,G,06/2020,07/2022,6006.0,37012.0,,,0.0,
130,371710,"ADVANCED WIRELESS COMMUNICATIONS, L.L.C.",166.0,6.0,No,323037.0,OREO #001,S,K-32-29N-13W,K,30-045-32847,G,06/2020,07/2022,1805.0,28610.0,,,0.0,
131,371710,"ADVANCED WIRELESS COMMUNICATIONS, L.L.C.",166.0,6.0,No,323038.0,REYA #001S,P,D-20-30N-13W,D,30-045-32846,G,06/2020,07/2022,1505.0,28010.0,,,0.0,
132,371710,"ADVANCED WIRELESS COMMUNICATIONS, L.L.C.",166.0,6.0,No,327110.0,ROPCO FEE FC 7 #001,P,3-07-29N-12W,L,30-045-28818,G,06/2020,07/2022,1600.0,28200.0,,,0.0,
133,371710,"ADVANCED WIRELESS COMMUNICATIONS, L.L.C.",166.0,6.0,No,327111.0,RUBY #001,P,L-03-29N-13W,L,30-045-33266,G,06/2020,07/2022,1376.0,27752.0,,,0.0,
134,371710,"ADVANCED WIRELESS COMMUNICATIONS, L.L.C.",166.0,6.0,No,,RUBY #002,P,P-03-29N-13W,P,30-045-34986,G,03/2020,04/2022,1405.0,27810.0,,,0.0,
135,371710,"ADVANCED WIRELESS COMMUNICATIONS, L.L.C.",166.0,6.0,No,327112.0,SADIE #001,P,P-08-30N-11W,P,30-045-33255,G,06/2020,07/2022,2130.0,29260.0,,,0.0,
136,371710,"ADVANCED WIRELESS COMMUNICATIONS, L.L.C.",166.0,6.0,No,,SADIE #002,P,M-08-30N-11W,M,30-045-33299,G,06/2020,07/2022,2142.0,29284.0,,,0.0,
137,371710,"ADVANCED WIRELESS COMMUNICATIONS, L.L.C.",166.0,6.0,No,328232.0,SCHMITZ FEDERAL 34 COM #003,P,J-34-24N-01W,J,30-039-24331,O,06/2020,07/2022,7850.0,40700.0,,,0.0,
138,371710,"ADVANCED WIRELESS COMMUNICATIONS, L.L.C.",166.0,6.0,No,328233.0,SHEILA HIXON #001,P,K-26-25N-03W,K,30-039-24165,O,04/2020,05/2022,8206.0,41412.0,,,0.0,
139,371710,"ADVANCED WIRELESS COMMUNICATIONS, L.L.C.",166.0,6.0,No,317134.0,STATE #001R,S,1-02-26N-13W,A,30-045-30525,G,11/2019,12/2021,1420.0,27840.0,,,0.0,
140,371710,"ADVANCED WIRELESS COMMUNICATIONS, L.L.C.",166.0,6.0,No,,STATE #001S,S,J-02-26N-13W,J,30-045-31916,G,06/2020,07/2022,1360.0,27720.0,,,0.0,
141,371710,"ADVANCED WIRELESS COMMUNICATIONS, L.L.C.",166.0,6.0,No,,STATE #002R,S,P-02-26N-13W,P,30-045-29398,G,06/2020,07/2022,1340.0,27680.0,,,0.0,
142,371710,"ADVANCED WIRELESS COMMUNICATIONS, L.L.C.",166.0,6.0,No,327113.0,THIRLAWAY #001,S,G-36-24N-07W,G,30-039-24180,O,04/2020,05/2022,5600.0,36200.0,,,0.0,
143,371710,"ADVANCED WIRELESS COMMUNICATIONS, L.L.C.",166.0,6.0,No,328222.0,TRIX #001,P,2-05-26N-02W,B,30-039-22475,G,06/2020,07/2022,6118.0,37236.0,,,0.0,
144,371710,"ADVANCED WIRELESS COMMUNICATIONS, L.L.C.",166.0,6.0,No,328234.0,WISHING WELL 35 #007,P,G-35-24N-01W,G,30-039-24191,O,06/2020,07/2022,7850.0,40700.0,,,0.0,
145,184357,AGHORN OPERATING INC,1.0,1.0,No,322829.0,MCMILLAN #001,P,C-34-14S-38E,C,30-025-31226,O,09/2018,10/2020,11900.0,48800.0,,,0.0,
146,247130,"AGUA MOSS, LLC",2.0,0.0,Yes,303420.0,PRETTY LADY 30 11 34 #001,P,J-34-30N-11W,J,30-045-30922,S,08/2020,09/2022,7875.0,40750.0,,,40750.0,
147,247130,"AGUA MOSS, LLC",2.0,0.0,Yes,310033.0,SUNCO DISPOSAL #001,P,E-02-29N-12W,E,30-045-28653,S,07/2020,08/2022,4760.0,34520.0,,,44280.0,
148,295752,"ALTA MESA SERVICES, LP",1.0,0.0,Yes,39708.0,LATIGO RANCH #033F,P,G05-33-11N-23,F,30-019-20141,G,,,17490.0,59980.0,,,0.0,
149,372224,"AMEREDEV OPERATING, LLC",109.0,0.0,Yes,320055.0,AMEN CORNER 26 36 27 STATE COM #091H,S,M-22-26S-36E,M,30-025-44943,O,,,19063.0,63126.0,,,0.0,
150,372224,"AMEREDEV OPERATING, LLC",109.0,0.0,Yes,,AMEN CORNER 26 36 27 STATE COM #105H,S,B-27-26S-36E,B,30-025-44809,O,,,18927.0,62854.0,,,0.0,
151,372224,"AMEREDEV OPERATING, LLC",109.0,0.0,Yes,,AMEN CORNER 26 36 27 STATE COM #111H,S,M-22-26S-36E,M,30-025-44202,O,,,19700.0,64400.0,,,0.0,
152,372224,"AMEREDEV OPERATING, LLC",109.0,0.0,Yes,,AMEN CORNER 26 36 27 STATE COM #115H,S,B-27-26S-36E,B,30-025-44651,O,,,19794.0,64588.0,,,0.0,
153,372224,"AMEREDEV OPERATING, LLC",109.0,0.0,Yes,,AMEN CORNER 26 36 27 STATE COM #121H,S,M-22-26S-36E,M,30-025-44942,O,,,19580.0,64160.0,,,0.0,
154,372224,"AMEREDEV OPERATING, LLC",109.0,0.0,Yes,,AMEN CORNER 26 36 27 STATE COM #125H,S,B-27-26S-36E,B,30-025-44652,O,,,20094.0,65188.0,,,0.0,
155,372224,"AMEREDEV OPERATING, LLC",109.0,0.0,Yes,319731.0,AZALEA 26 36 28 STATE #111H,S,D-28-26S-36E,D,30-025-44104,O,12/2019,01/2022,11966.0,48932.0,,,0.0,
156,372224,"AMEREDEV OPERATING, LLC",109.0,0.0,Yes,,AZALEA 26 36 28 STATE #121,S,D-28-26S-36E,D,30-025-44105,O,,,994.0,26988.0,,,0.0,
157,372224,"AMEREDEV OPERATING, LLC",109.0,0.0,Yes,,AZALEA 26 36 28 STATE #121Y,S,D-28-26S-36E,D,30-025-44229,O,07/2020,08/2022,12434.0,49868.0,,,0.0,
158,372224,"AMEREDEV OPERATING, LLC",109.0,0.0,Yes,320825.0,CAMELLIA 26 36 16 STATE COM #101H,S,M-16-26S-36E,M,30-025-44527,O,,,16928.0,58856.0,,,0.0,
159,372224,"AMEREDEV OPERATING, LLC",109.0,0.0,Yes,320645.0,MAGNOLIA 26 36 22 STATE COM #101H,S,M-22-26S-36E,M,30-025-44472,O,,,21555.0,68110.0,,,0.0,
160,372224,"AMEREDEV OPERATING, LLC",109.0,0.0,Yes,,MAGNOLIA 26 36 22 STATE COM #105H,S,B-27-26S-36E,B,30-025-44653,O,,,21430.0,67860.0,,,0.0,
161,372224,"AMEREDEV OPERATING, LLC",109.0,0.0,Yes,,MAGNOLIA 26 36 22 STATE COM #111H,S,M-22-26S-36E,M,30-025-44439,O,,,21804.0,68608.0,,,0.0,
162,372224,"AMEREDEV OPERATING, LLC",109.0,0.0,Yes,,MAGNOLIA 26 36 22 STATE COM #115H,S,B-27-26S-36E,B,30-025-44654,O,,,21720.0,68440.0,,,0.0,
163,372224,"AMEREDEV OPERATING, LLC",109.0,0.0,Yes,,MAGNOLIA 26 36 22 STATE COM #121H,S,M-22-26S-36E,M,30-025-44944,O,,,21555.0,68110.0,,,0.0,
164,372224,"AMEREDEV OPERATING, LLC",109.0,0.0,Yes,,MAGNOLIA 26 36 22 STATE COM #125H,S,O-22-26S-36E,O,30-025-44810,O,07/2020,08/2022,11449.0,47898.0,,,0.0,
165,372224,"AMEREDEV OPERATING, LLC",109.0,0.0,Yes,320762.0,RED BUD 25 36 32 STATE COM #075H,S,O-32-25S-36E,O,30-025-47422,O,,,19518.0,64036.0,,,0.0,
166,372224,"AMEREDEV OPERATING, LLC",109.0,0.0,Yes,,RED BUD 25 36 32 STATE COM #085H,S,O-32-25S-36E,O,30-025-47421,O,,,20321.0,65642.0,,,0.0,
167,372224,"AMEREDEV OPERATING, LLC",109.0,0.0,Yes,,RED BUD 25 36 32 STATE COM #095H,S,O-32-25S-36E,O,30-025-47401,O,,,21595.0,68190.0,,,0.0,
168,372224,"AMEREDEV OPERATING, LLC",109.0,0.0,Yes,,RED BUD 25 36 32 STATE COM #105H,S,O-32-25S-36E,O,30-025-44470,O,03/2020,04/2022,11249.0,47498.0,,,0.0,
169,372224,"AMEREDEV OPERATING, LLC",109.0,0.0,Yes,,RED BUD 25 36 32 STATE COM #106H,S,O-32-25S-36E,O,30-025-47391,O,,,21494.0,67988.0,,,0.0,
170,372224,"AMEREDEV OPERATING, LLC",109.0,0.0,Yes,,RED BUD 25 36 32 STATE COM #115H,S,O-32-25S-36E,O,30-025-44471,O,07/2020,08/2022,11411.0,47822.0,,,0.0,
171,372224,"AMEREDEV OPERATING, LLC",109.0,0.0,Yes,,RED BUD 25 36 32 STATE COM #116H,S,O-32-25S-36E,O,30-025-47389,O,,,21843.0,68686.0,,,0.0,
172,372224,"AMEREDEV OPERATING, LLC",109.0,0.0,Yes,,RED BUD 25 36 32 STATE COM #118H,S,A-05-26S-36E,A,30-025-47364,O,,,22630.0,70260.0,,,0.0,
173,372224,"AMEREDEV OPERATING, LLC",109.0,0.0,Yes,,RED BUD 25 36 32 STATE COM #125H,S,B-05-26S-36E,B,30-025-47379,O,,,22744.0,70488.0,,,0.0,
174,372224,"AMEREDEV OPERATING, LLC",109.0,0.0,Yes,,RED BUD 25 36 32 STATE COM #126H,S,O-32-25S-36E,O,30-025-47390,O,,,22025.0,69050.0,,,0.0,
175,372224,"AMEREDEV OPERATING, LLC",109.0,0.0,Yes,,RED BUD 25 36 32 STATE COM #128H,S,A-05-26S-36E,A,30-025-47380,O,,,23012.0,71024.0,,,0.0,
176,228051,AMERICO ENERGY RESOURCES LLC,20.0,4.0,No,300375.0,B C DICKINSON A 1 #001,P,L-01-15S-37E,L,30-025-05222,O,03/1998,04/2000,9510.0,44020.0,Y,,44020.0,
177,228051,AMERICO ENERGY RESOURCES LLC,20.0,4.0,No,300380.0,STATE T #005,S,K-02-15S-37E,K,30-025-05230,O,12/2019,01/2022,9250.0,43500.0,,,14250.0,
178,228051,AMERICO ENERGY RESOURCES LLC,20.0,4.0,No,,STATE T #006,S,F-02-15S-37E,F,30-025-05231,O,12/2018,01/2021,9550.0,44100.0,,,0.0,
179,228051,AMERICO ENERGY RESOURCES LLC,20.0,4.0,No,,STATE T #008,S,M-02-15S-37E,M,30-025-05233,O,04/2020,05/2022,9295.0,43590.0,,,0.0,
180,228051,AMERICO ENERGY RESOURCES LLC,20.0,4.0,No,316711.0,STILETTO 16 STATE #001,S,P-16-20S-25E,P,30-015-33671,G,06/2019,07/2021,9750.0,44500.0,,,0.0,
181,228051,AMERICO ENERGY RESOURCES LLC,20.0,4.0,No,,STILETTO 16 STATE #002,S,M-16-20S-25E,M,30-015-34150,G,06/2019,07/2021,9780.0,44560.0,,,0.0,
182,228051,AMERICO ENERGY RESOURCES LLC,20.0,4.0,No,,STILETTO 16 STATE #004,S,E-16-20S-25E,E,30-015-34812,G,06/2019,07/2021,9679.0,44358.0,,,0.0,
183,228051,AMERICO ENERGY RESOURCES LLC,20.0,4.0,No,,STILETTO 16 STATE #005H,S,A-16-20S-25E,A,30-015-37716,O,04/2020,05/2022,2502.0,30004.0,,,0.0,
184,228051,AMERICO ENERGY RESOURCES LLC,20.0,4.0,No,,STILETTO 16 STATE #006H,S,B-16-20S-25E,B,30-015-38956,O,04/2020,05/2022,7017.0,39034.0,,,0.0,
185,228051,AMERICO ENERGY RESOURCES LLC,20.0,4.0,No,,STILETTO 16 STATE #007H,S,C-16-20S-25E,C,30-015-40194,O,04/2020,05/2022,7252.0,39504.0,,,0.0,
186,228051,AMERICO ENERGY RESOURCES LLC,20.0,4.0,No,,STILETTO 16 STATE #008H,S,D-16-20S-25E,D,30-015-42661,O,04/2020,05/2022,7186.0,39372.0,,,0.0,
187,228051,AMERICO ENERGY RESOURCES LLC,20.0,4.0,No,,STILETTO 16 STATE #009H,S,D-16-20S-25E,D,30-015-42807,O,04/2020,05/2022,2853.0,30706.0,,,0.0,
188,228051,AMERICO ENERGY RESOURCES LLC,20.0,4.0,No,316712.0,STILETTO 21 FEDERAL COM #001,P,H-21-20S-25E,H,30-015-33096,G,10/2013,11/2015,9800.0,44600.0,Y,,44600.0,
189,785,AMTEX ENERGY INC,7.0,1.0,Yes,17334.0,LEA ED STATE NCT-A #001,S,M-16-19S-34E,M,30-025-02387,O,11/2005,12/2007,13521.0,52042.0,Y,,52042.0,
190,785,AMTEX ENERGY INC,7.0,1.0,Yes,1226.0,RECORD #002,P,G-35-19S-35E,G,30-025-03307,O,07/2020,08/2022,14100.0,53200.0,,,0.0,
191,785,AMTEX ENERGY INC,7.0,1.0,Yes,,RECORD #005,P,E-26-19S-35E,E,30-025-24949,O,07/2020,08/2022,10854.0,46708.0,,,0.0,
192,785,AMTEX ENERGY INC,7.0,1.0,Yes,19383.0,TEAPOT #001,S,J-34-18S-34E,J,30-025-25955,O,07/2020,08/2022,13650.0,52300.0,,,0.0,
193,785,AMTEX ENERGY INC,7.0,1.0,Yes,,TEAPOT #002H,S,B-34-18S-34E,B,30-025-39910,O,07/2020,08/2022,9877.0,44754.0,,,0.0,
194,873,APACHE CORPORATION,2973.0,7.0,Yes,26464.0,A B BAKER #003,P,I-10-22S-37E,I,30-025-10157,G,07/2020,08/2022,6496.0,37992.0,,,0.0,
195,873,APACHE CORPORATION,2973.0,7.0,Yes,,A B BAKER #004,P,P-10-22S-37E,P,30-025-10158,G,07/2020,08/2022,6475.0,37950.0,,,0.0,
196,873,APACHE CORPORATION,2973.0,7.0,Yes,,A B BAKER #005,P,P-10-22S-37E,P,30-025-33528,O,07/2020,08/2022,7400.0,39800.0,,,0.0,
197,873,APACHE CORPORATION,2973.0,7.0,Yes,,A B BAKER #006,P,I-10-22S-37E,I,30-025-33794,G,04/2020,05/2022,7220.0,39440.0,,,0.0,
198,873,APACHE CORPORATION,2973.0,7.0,Yes,,A B BAKER #007,P,P-10-22S-37E,P,30-025-35134,O,07/2020,08/2022,4305.0,33610.0,,,0.0,
199,873,APACHE CORPORATION,2973.0,7.0,Yes,,A B BAKER #008,P,I-10-22S-37E,I,30-025-35135,O,07/2020,08/2022,4296.0,33592.0,,,0.0,
200,873,APACHE CORPORATION,2973.0,7.0,Yes,,A B BAKER #011,P,P-10-22S-37E,P,30-025-39604,O,07/2020,08/2022,4427.0,33854.0,,,0.0,
201,873,APACHE CORPORATION,2973.0,7.0,Yes,308701.0,A STATE #001,S,D-34-17S-28E,D,30-015-34394,O,07/2020,08/2022,4270.0,33540.0,,,0.0,
202,873,APACHE CORPORATION,2973.0,7.0,Yes,,A STATE #002,S,D-34-17S-28E,D,30-015-34396,O,07/2020,08/2022,4194.0,33388.0,,,0.0,
203,873,APACHE CORPORATION,2973.0,7.0,Yes,,A STATE #040,S,I-26-17S-28E,I,30-015-38545,O,07/2020,08/2022,5702.0,36404.0,,,0.0,
204,873,APACHE CORPORATION,2973.0,7.0,Yes,,A STATE #042,S,K-26-17S-28E,K,30-015-38578,O,07/2020,08/2022,5700.0,36400.0,,,0.0,
205,873,APACHE CORPORATION,2973.0,7.0,Yes,,A STATE #043,S,E-26-17S-28E,E,30-015-38546,O,07/2020,08/2022,5700.0,36400.0,,,0.0,
206,873,APACHE CORPORATION,2973.0,7.0,Yes,,A STATE #044,S,C-26-17S-28E,C,30-015-38547,O,07/2020,08/2022,5718.0,36436.0,,,0.0,
207,873,APACHE CORPORATION,2973.0,7.0,Yes,,A STATE #045,S,E-26-17S-28E,E,30-015-41147,O,07/2020,08/2022,5700.0,36400.0,,,0.0,
208,873,APACHE CORPORATION,2973.0,7.0,Yes,,A STATE #046,S,D-26-17S-28E,D,30-015-38579,O,07/2020,08/2022,5700.0,36400.0,,,0.0,
209,873,APACHE CORPORATION,2973.0,7.0,Yes,,A STATE #048,S,A-25-17S-28E,A,30-015-38549,O,07/2020,08/2022,5700.0,36400.0,,,0.0,
210,873,APACHE CORPORATION,2973.0,7.0,Yes,,A STATE #049,S,A-25-17S-28E,A,30-015-38963,O,07/2020,08/2022,5700.0,36400.0,,,0.0,
211,873,APACHE CORPORATION,2973.0,7.0,Yes,,A STATE #050,S,C-26-17S-28E,C,30-015-41189,O,07/2020,08/2022,5705.0,36410.0,,,0.0,
212,873,APACHE CORPORATION,2973.0,7.0,Yes,,A STATE #051,S,F-26-17S-28E,F,30-015-38582,O,07/2020,08/2022,5428.0,35856.0,,,0.0,
213,873,APACHE CORPORATION,2973.0,7.0,Yes,,A STATE #054,S,J-26-17S-28E,J,30-015-38584,O,06/2020,07/2022,5705.0,36410.0,,,0.0,
214,873,APACHE CORPORATION,2973.0,7.0,Yes,,A STATE #055,S,E-26-17S-28E,E,30-015-41188,O,07/2020,08/2022,5704.0,36408.0,,,0.0,
215,873,APACHE CORPORATION,2973.0,7.0,Yes,,A STATE #056,S,E-26-17S-28E,E,30-015-38965,O,07/2020,08/2022,5700.0,36400.0,,,0.0,
216,873,APACHE CORPORATION,2973.0,7.0,Yes,,A STATE #059,S,E-25-17S-28E,E,30-015-38967,O,07/2020,08/2022,5698.0,36396.0,,,0.0,
217,873,APACHE CORPORATION,2973.0,7.0,Yes,,A STATE #060,S,I-26-17S-28E,I,30-015-38968,O,07/2020,08/2022,5565.0,36130.0,,,0.0,
218,873,APACHE CORPORATION,2973.0,7.0,Yes,,A STATE #061,S,D-26-17S-28E,D,30-015-40838,O,07/2020,08/2022,5701.0,36402.0,,,0.0,
219,873,APACHE CORPORATION,2973.0,7.0,Yes,,A STATE #062,S,C-26-17S-28E,C,30-015-41050,O,07/2020,08/2022,5809.0,36618.0,,,0.0,
220,873,APACHE CORPORATION,2973.0,7.0,Yes,,A STATE #063,S,D-26-17S-28E,D,30-015-41125,O,07/2020,08/2022,5915.0,36830.0,,,0.0,
221,873,APACHE CORPORATION,2973.0,7.0,Yes,,A STATE #064,S,D-26-17S-28E,D,30-015-41187,O,07/2020,08/2022,5690.0,36380.0,,,0.0,
222,873,APACHE CORPORATION,2973.0,7.0,Yes,,A STATE #065,S,C-26-17S-28E,C,30-015-41178,O,07/2020,08/2022,5913.0,36826.0,,,0.0,
223,873,APACHE CORPORATION,2973.0,7.0,Yes,,A STATE #066,S,F-26-17S-28E,F,30-015-41126,O,07/2020,08/2022,5695.0,36390.0,,,0.0,
224,873,APACHE CORPORATION,2973.0,7.0,Yes,,A STATE #067,S,F-26-17S-28E,F,30-015-41127,O,07/2020,08/2022,5915.0,36830.0,,,0.0,
225,873,APACHE CORPORATION,2973.0,7.0,Yes,,A STATE #068,S,F-26-17S-28E,F,30-015-41128,O,07/2020,08/2022,5906.0,36812.0,,,0.0,
226,873,APACHE CORPORATION,2973.0,7.0,Yes,,A STATE #073,S,E-26-17S-28E,E,30-015-41053,O,07/2020,08/2022,5920.0,36840.0,,,0.0,
227,873,APACHE CORPORATION,2973.0,7.0,Yes,,A STATE #074,S,E-25-17S-28E,E,30-015-41054,O,07/2020,08/2022,5907.0,36814.0,,,0.0,
228,873,APACHE CORPORATION,2973.0,7.0,Yes,,A STATE #075,S,K-26-17S-28E,K,30-015-41180,O,03/2020,04/2022,5900.0,36800.0,,,0.0,
229,873,APACHE CORPORATION,2973.0,7.0,Yes,,A STATE #076,S,K-26-17S-28E,K,30-015-41130,O,07/2020,08/2022,5905.0,36810.0,,,0.0,
230,873,APACHE CORPORATION,2973.0,7.0,Yes,,A STATE #077,S,K-26-17S-28E,K,30-015-41131,O,07/2020,08/2022,5900.0,36800.0,,,0.0,
231,873,APACHE CORPORATION,2973.0,7.0,Yes,,A STATE #078,S,J-26-17S-28E,J,30-015-41055,O,07/2020,08/2022,5900.0,36800.0,,,0.0,
232,873,APACHE CORPORATION,2973.0,7.0,Yes,,A STATE #079,S,J-26-17S-28E,J,30-015-41010,O,07/2020,08/2022,5902.0,36804.0,,,0.0,
233,873,APACHE CORPORATION,2973.0,7.0,Yes,,A STATE #080,S,J-26-17S-28E,J,30-015-41022,O,07/2020,08/2022,5919.0,36838.0,,,0.0,
234,873,APACHE CORPORATION,2973.0,7.0,Yes,,A STATE #081,S,I-26-17S-28E,I,30-015-41023,O,07/2020,08/2022,5685.0,36370.0,,,0.0,
235,873,APACHE CORPORATION,2973.0,7.0,Yes,,A STATE #082,S,I-26-17S-28E,I,30-015-41181,O,07/2020,08/2022,5900.0,36800.0,,,0.0,
236,873,APACHE CORPORATION,2973.0,7.0,Yes,308702.0,AA STATE #001,S,F-32-17S-28E,F,30-015-01657,O,07/2020,08/2022,6171.0,37342.0,,,0.0,
237,873,APACHE CORPORATION,2973.0,7.0,Yes,39734.0,AB STATE 647 #001,S,K-32-17S-28E,K,30-015-39927,O,07/2020,08/2022,5016.0,35032.0,,,0.0,
238,873,APACHE CORPORATION,2973.0,7.0,Yes,,AB STATE 647 #002,S,K-32-17S-28E,K,30-015-41500,O,07/2020,08/2022,4989.0,34978.0,,,0.0,
239,873,APACHE CORPORATION,2973.0,7.0,Yes,,AB STATE 647 #003,S,K-32-17S-28E,K,30-015-41501,O,07/2020,08/2022,5027.0,35054.0,,,0.0,
240,873,APACHE CORPORATION,2973.0,7.0,Yes,,AB STATE 647 #004,S,L-32-17S-28E,L,30-015-41505,O,07/2020,08/2022,5046.0,35092.0,,,0.0,
241,873,APACHE CORPORATION,2973.0,7.0,Yes,,AB STATE 647 #005,S,L-32-17S-28E,L,30-015-41502,O,07/2020,08/2022,5060.0,35120.0,,,0.0,
242,873,APACHE CORPORATION,2973.0,7.0,Yes,,AB STATE 647 #006,S,L-32-17S-28E,L,30-015-41503,O,07/2020,08/2022,5065.0,35130.0,,,0.0,
243,873,APACHE CORPORATION,2973.0,7.0,Yes,,AB STATE 647 #007,S,L-32-17S-28E,L,30-015-41491,O,07/2020,08/2022,4300.0,33600.0,,,0.0,
244,873,APACHE CORPORATION,2973.0,7.0,Yes,,AB STATE 647 #008,S,K-32-17S-28E,K,30-015-41492,O,07/2020,08/2022,4302.0,33604.0,,,0.0,
245,873,APACHE CORPORATION,2973.0,7.0,Yes,,AB STATE 647 #009,S,N-32-17S-28E,N,30-015-41493,O,07/2020,08/2022,5077.0,35154.0,,,0.0,
246,873,APACHE CORPORATION,2973.0,7.0,Yes,,AB STATE 647 #010,S,N-32-17S-28E,N,30-015-41494,O,07/2020,08/2022,5076.0,35152.0,,,0.0,
247,873,APACHE CORPORATION,2973.0,7.0,Yes,,AB STATE 647 #011,S,M-32-17S-28E,M,30-015-41495,O,07/2020,08/2022,5070.0,35140.0,,,0.0,
248,873,APACHE CORPORATION,2973.0,7.0,Yes,,AB STATE 647 #012,S,M-32-17S-28E,M,30-015-41496,O,07/2020,08/2022,5080.0,35160.0,,,0.0,
249,873,APACHE CORPORATION,2973.0,7.0,Yes,,AB STATE 647 #013,S,M-32-17S-28E,M,30-015-41497,O,07/2020,08/2022,5065.0,35130.0,,,0.0,
250,873,APACHE CORPORATION,2973.0,7.0,Yes,,AB STATE 647 #014,S,M-32-17S-28E,M,30-015-41498,O,07/2020,08/2022,4300.0,33600.0,,,0.0,
251,873,APACHE CORPORATION,2973.0,7.0,Yes,,AB STATE 647 #015,S,N-32-17S-28E,N,30-015-41504,O,07/2020,08/2022,5063.0,35126.0,,,0.0,
252,873,APACHE CORPORATION,2973.0,7.0,Yes,,AB STATE 647 #016,S,N-32-17S-28E,N,30-015-41511,O,07/2020,08/2022,4297.0,33594.0,,,0.0,
253,873,APACHE CORPORATION,2973.0,7.0,Yes,302359.0,APACHE STATE O #005,S,H-30-19S-37E,H,30-025-26170,G,07/2020,08/2022,3570.0,32140.0,,,0.0,
254,873,APACHE CORPORATION,2973.0,7.0,Yes,35591.0,APACHE STATE Q #002,S,I-16-20S-37E,I,30-025-06117,G,07/2020,08/2022,3842.0,32684.0,,,0.0,
255,873,APACHE CORPORATION,2973.0,7.0,Yes,,APACHE STATE Q #003,S,O-16-20S-37E,O,30-025-06118,G,11/2015,12/2017,3875.0,32750.0,Y,Y,0.0,
256,873,APACHE CORPORATION,2973.0,7.0,Yes,,APACHE STATE Q #007,S,J-16-20S-37E,J,30-025-34162,O,07/2020,08/2022,7800.0,40600.0,,,0.0,
257,873,APACHE CORPORATION,2973.0,7.0,Yes,,APACHE STATE Q #008,S,P-16-20S-37E,P,30-025-37267,O,07/2020,08/2022,7465.0,39930.0,,,0.0,
258,873,APACHE CORPORATION,2973.0,7.0,Yes,,APACHE STATE Q #009,S,I-16-20S-37E,I,30-025-39906,O,07/2020,08/2022,7722.0,40444.0,,,0.0,
259,873,APACHE CORPORATION,2973.0,7.0,Yes,38598.0,APACHE STATE SWD #001,S,B-36-17S-30E,B,30-015-38977,S,07/2020,08/2022,13500.0,52000.0,,,0.0,
260,873,APACHE CORPORATION,2973.0,7.0,Yes,,APACHE STATE SWD #003,S,2-30-17S-31E,E,30-015-38978,S,07/2020,08/2022,7900.0,40800.0,,,0.0,
261,873,APACHE CORPORATION,2973.0,7.0,Yes,23103.0,ARGO #006,P,K-15-21S-37E,K,30-025-06603,S,07/2020,08/2022,7991.0,40982.0,,,0.0,
262,873,APACHE CORPORATION,2973.0,7.0,Yes,,ARGO #007,P,L-15-21S-37E,L,30-025-09915,S,07/2020,08/2022,8193.0,41386.0,,,0.0,
263,873,APACHE CORPORATION,2973.0,7.0,Yes,,ARGO #008,P,N-15-21S-37E,N,30-025-06604,O,11/2019,12/2021,8002.0,41004.0,,,0.0,
264,873,APACHE CORPORATION,2973.0,7.0,Yes,,ARGO #011,P,K-15-21S-37E,K,30-025-06607,O,07/2020,08/2022,7891.0,40782.0,,,0.0,
265,873,APACHE CORPORATION,2973.0,7.0,Yes,,ARGO #012,P,M-15-21S-37E,M,30-025-06608,O,07/2020,08/2022,8035.0,41070.0,,,0.0,
266,873,APACHE CORPORATION,2973.0,7.0,Yes,,ARGO #013,P,M-15-21S-37E,M,30-025-39557,O,07/2020,08/2022,4409.0,33818.0,,,0.0,
267,873,APACHE CORPORATION,2973.0,7.0,Yes,,ARGO #014,P,K-15-21S-37E,K,30-025-39828,O,04/2020,05/2022,4403.0,33806.0,,,0.0,
268,873,APACHE CORPORATION,2973.0,7.0,Yes,,ARGO #015,P,N-15-21S-37E,N,30-025-39829,O,07/2020,08/2022,4408.0,33816.0,,,0.0,
269,873,APACHE CORPORATION,2973.0,7.0,Yes,23104.0,ARGO A #006,P,C-22-21S-37E,C,30-025-06738,O,03/2020,04/2022,7907.0,40814.0,,,0.0,
270,873,APACHE CORPORATION,2973.0,7.0,Yes,,ARGO A #007,P,E-22-21S-37E,E,30-025-06739,O,04/2020,05/2022,8180.0,41360.0,,,0.0,
271,873,APACHE CORPORATION,2973.0,7.0,Yes,,ARGO A #008,P,D-22-21S-37E,D,30-025-06740,O,07/2020,08/2022,8188.0,41376.0,,,0.0,
272,873,APACHE CORPORATION,2973.0,7.0,Yes,,ARGO A #012,P,E-22-21S-37E,E,30-025-06744,O,07/2020,08/2022,8181.0,41362.0,,,0.0,
273,873,APACHE CORPORATION,2973.0,7.0,Yes,,ARGO A #013,P,F-22-21S-37E,F,30-025-36039,O,06/2020,07/2022,4100.0,33200.0,,,0.0,
274,873,APACHE CORPORATION,2973.0,7.0,Yes,,ARGO A #014,P,D-22-21S-37E,D,30-025-39686,O,07/2020,08/2022,4400.0,33800.0,,,0.0,
275,873,APACHE CORPORATION,2973.0,7.0,Yes,,ARGO A #015,P,F-22-21S-37E,F,30-025-39826,O,07/2020,08/2022,4414.0,33828.0,,,0.0,
276,873,APACHE CORPORATION,2973.0,7.0,Yes,303107.0,ARNOLD A #001,P,F-11-20S-38E,F,30-025-07761,G,04/2020,05/2022,7120.0,39240.0,,,0.0,
277,873,APACHE CORPORATION,2973.0,7.0,Yes,,ARNOLD A #002,P,F-11-20S-38E,F,30-025-39490,O,04/2020,05/2022,7301.0,39602.0,,,0.0,
278,873,APACHE CORPORATION,2973.0,7.0,Yes,,ARNOLD A #003,P,F-11-20S-38E,F,30-025-39636,O,07/2020,08/2022,7250.0,39500.0,,,0.0,
279,873,APACHE CORPORATION,2973.0,7.0,Yes,302327.0,B M MARCUS #002,P,C-20-20S-38E,C,30-025-27949,O,07/2020,08/2022,7650.0,40300.0,,,0.0,
280,873,APACHE CORPORATION,2973.0,7.0,Yes,,B M MARCUS #003,P,B-20-20S-38E,B,30-025-36422,O,07/2020,08/2022,7136.0,39272.0,,,0.0,
281,873,APACHE CORPORATION,2973.0,7.0,Yes,,B M MARCUS #004,P,C-20-20S-38E,C,30-025-36784,O,07/2020,08/2022,7525.0,40050.0,,,0.0,
282,873,APACHE CORPORATION,2973.0,7.0,Yes,,B M MARCUS #005,P,B-20-20S-38E,B,30-025-38810,O,07/2020,08/2022,7300.0,39600.0,,,0.0,
283,873,APACHE CORPORATION,2973.0,7.0,Yes,,B M MARCUS #006,P,B-20-20S-38E,B,30-025-38811,O,07/2020,08/2022,7300.0,39600.0,,,0.0,
284,873,APACHE CORPORATION,2973.0,7.0,Yes,309120.0,BARBER GAS COM #001,P,E-08-20S-37E,E,30-025-06022,G,07/2020,08/2022,3875.0,32750.0,,,0.0,
285,873,APACHE CORPORATION,2973.0,7.0,Yes,,BARBER GAS COM #003,P,H-07-20S-37E,H,30-025-05981,G,03/2016,04/2018,5250.0,35500.0,Y,Y,0.0,
286,873,APACHE CORPORATION,2973.0,7.0,Yes,306595.0,BERTHA BARBER #004,P,K-05-20S-37E,K,30-025-05909,O,04/2020,05/2022,3895.0,32790.0,,,0.0,
287,873,APACHE CORPORATION,2973.0,7.0,Yes,,BERTHA BARBER #008,P,E-05-20S-37E,E,30-025-05913,G,07/2020,08/2022,3900.0,32800.0,,,0.0,
288,873,APACHE CORPORATION,2973.0,7.0,Yes,,BERTHA BARBER #011,P,4-05-20S-37E,D,30-025-05916,G,04/2020,05/2022,5755.0,36510.0,,,0.0,
289,873,APACHE CORPORATION,2973.0,7.0,Yes,,BERTHA BARBER #013,P,N-32-19S-37E,N,30-025-32384,G,04/2020,05/2022,3727.0,32454.0,,,0.0,
290,873,APACHE CORPORATION,2973.0,7.0,Yes,,BERTHA BARBER #014,P,M-32-19S-37E,M,30-025-32385,G,04/2020,05/2022,3650.0,32300.0,,,0.0,
291,873,APACHE CORPORATION,2973.0,7.0,Yes,,BERTHA BARBER #015,S,3-05-20S-37E,C,30-025-32532,G,11/2012,12/2014,3760.0,32520.0,Y,Y,0.0,
292,873,APACHE CORPORATION,2973.0,7.0,Yes,,BERTHA BARBER #017,P,F-05-20S-37E,F,30-025-34204,O,07/2020,08/2022,7800.0,40600.0,,,0.0,
293,873,APACHE CORPORATION,2973.0,7.0,Yes,,BERTHA BARBER #022,P,K-05-20S-37E,K,30-025-39564,O,11/2019,12/2021,7700.0,40400.0,,,0.0,
294,873,APACHE CORPORATION,2973.0,7.0,Yes,,BERTHA BARBER #023,P,L-05-20S-37E,L,30-025-39565,O,07/2020,08/2022,7703.0,40406.0,,,0.0,
295,873,APACHE CORPORATION,2973.0,7.0,Yes,,BERTHA BARBER #024,P,E-05-20S-37E,E,30-025-39582,O,02/2016,03/2018,5888.0,36776.0,Y,Y,0.0,
296,873,APACHE CORPORATION,2973.0,7.0,Yes,302328.0,BERTHA J BARBER #015,P,A-07-20S-37E,A,30-025-41281,O,,,3960.0,32920.0,,,0.0,
297,873,APACHE CORPORATION,2973.0,7.0,Yes,,BERTHA J BARBER #016,P,A-07-20S-37E,A,30-025-41282,O,,,3954.0,32908.0,,,0.0,
298,873,APACHE CORPORATION,2973.0,7.0,Yes,,BERTHA J BARBER #018,P,A-07-20S-37E,A,30-025-41267,O,,,3956.0,32912.0,,,0.0,
299,873,APACHE CORPORATION,2973.0,7.0,Yes,,BERTHA J BARBER #019,P,D-08-20S-37E,D,30-025-41268,O,,,3950.0,32900.0,,,0.0,
300,873,APACHE CORPORATION,2973.0,7.0,Yes,303208.0,BIG KICK #001,P,C-13-20S-38E,C,30-025-36745,O,07/2020,08/2022,7800.0,40600.0,,,0.0,
301,873,APACHE CORPORATION,2973.0,7.0,Yes,,BIG KICK #002,P,C-13-20S-38E,C,30-025-38664,O,07/2020,08/2022,7320.0,39640.0,,,0.0,
302,873,APACHE CORPORATION,2973.0,7.0,Yes,303209.0,BLANKENSHIP #002,P,L-12-20S-38E,L,30-025-07767,I,07/2020,08/2022,7125.0,39250.0,,,0.0,
303,873,APACHE CORPORATION,2973.0,7.0,Yes,,BLANKENSHIP #003,P,M-12-20S-38E,M,30-025-07768,O,06/2020,07/2022,7105.0,39210.0,,,0.0,
304,873,APACHE CORPORATION,2973.0,7.0,Yes,,BLANKENSHIP #004,P,L-12-20S-38E,L,30-025-38397,O,04/2020,05/2022,7330.0,39660.0,,,0.0,
305,873,APACHE CORPORATION,2973.0,7.0,Yes,,BLANKENSHIP #005,P,M-12-20S-38E,M,30-025-38399,O,06/2020,07/2022,7300.0,39600.0,,,0.0,
306,873,APACHE CORPORATION,2973.0,7.0,Yes,,BLANKENSHIP #006,P,L-12-20S-38E,L,30-025-38400,O,07/2020,08/2022,7310.0,39620.0,,,0.0,
307,873,APACHE CORPORATION,2973.0,7.0,Yes,,BLANKENSHIP #007,P,E-12-20S-38E,E,30-025-39488,O,06/2020,07/2022,7310.0,39620.0,,,0.0,
308,873,APACHE CORPORATION,2973.0,7.0,Yes,308708.0,BM STATE #001,S,K-02-18S-27E,K,30-015-32899,O,07/2020,08/2022,3868.0,32736.0,,,0.0,
309,873,APACHE CORPORATION,2973.0,7.0,Yes,309146.0,BP MCDONALD WN STATE #003,S,P-36-22S-36E,P,30-025-09182,G,07/2020,08/2022,3486.0,31972.0,,,0.0,
310,873,APACHE CORPORATION,2973.0,7.0,Yes,,BP MCDONALD WN STATE #006,S,B-36-22S-36E,B,30-025-09185,G,05/2020,06/2022,3503.0,32006.0,,,0.0,
311,873,APACHE CORPORATION,2973.0,7.0,Yes,,BP MCDONALD WN STATE #008,S,P-26-22S-36E,P,30-025-09049,G,07/2020,08/2022,3543.0,32086.0,,,0.0,
312,873,APACHE CORPORATION,2973.0,7.0,Yes,,BP MCDONALD WN STATE #009,S,G-26-22S-36E,G,30-025-09050,G,07/2020,08/2022,3550.0,32100.0,,,0.0,
313,873,APACHE CORPORATION,2973.0,7.0,Yes,,BP MCDONALD WN STATE #021,S,A-24-22S-36E,A,30-025-09015,G,07/2020,08/2022,3716.0,32432.0,,,0.0,
314,873,APACHE CORPORATION,2973.0,7.0,Yes,,BP MCDONALD WN STATE #027,S,O-14-22S-36E,O,30-025-24747,G,07/2020,08/2022,3700.0,32400.0,,,0.0,
315,873,APACHE CORPORATION,2973.0,7.0,Yes,,BP MCDONALD WN STATE #028,S,F-14-22S-36E,F,30-025-25294,G,07/2020,08/2022,3706.0,32412.0,,,0.0,
316,873,APACHE CORPORATION,2973.0,7.0,Yes,,BP MCDONALD WN STATE #029,S,B-25-22S-36E,B,30-025-27851,G,07/2020,08/2022,3513.0,32026.0,,,0.0,
317,873,APACHE CORPORATION,2973.0,7.0,Yes,,BP MCDONALD WN STATE #030,S,L-24-22S-36E,L,30-025-27869,G,07/2020,08/2022,3512.0,32024.0,,,0.0,
318,873,APACHE CORPORATION,2973.0,7.0,Yes,,BP MCDONALD WN STATE #031,S,A-14-22S-36E,A,30-025-30399,G,07/2020,08/2022,3550.0,32100.0,,,0.0,
319,873,APACHE CORPORATION,2973.0,7.0,Yes,,BP MCDONALD WN STATE #032,S,K-36-22S-36E,K,30-025-34544,G,07/2020,08/2022,3600.0,32200.0,,,0.0,
320,873,APACHE CORPORATION,2973.0,7.0,Yes,,BP MCDONALD WN STATE #033,S,I-26-22S-36E,I,30-025-34545,G,07/2020,08/2022,3600.0,32200.0,,,0.0,
321,873,APACHE CORPORATION,2973.0,7.0,Yes,,BP MCDONALD WN STATE #034,S,K-14-22S-36E,K,30-025-34546,G,07/2020,08/2022,3600.0,32200.0,,,0.0,
322,873,APACHE CORPORATION,2973.0,7.0,Yes,,BP MCDONALD WN STATE #036,S,J-15-22S-36E,J,30-025-35416,G,07/2020,08/2022,3705.0,32410.0,,,0.0,
323,873,APACHE CORPORATION,2973.0,7.0,Yes,,BP MCDONALD WN STATE #039,S,G-36-22S-36E,G,30-025-35472,G,07/2020,08/2022,3600.0,32200.0,,,0.0,
324,873,APACHE CORPORATION,2973.0,7.0,Yes,,BP MCDONALD WN STATE #040,S,B-14-22S-36E,B,30-025-35473,G,01/2017,02/2019,3650.0,32300.0,Y,Y,0.0,
325,873,APACHE CORPORATION,2973.0,7.0,Yes,308709.0,BPO STATE COM #001,S,4-02-18S-27E,,30-015-31967,G,07/2020,08/2022,10172.0,45344.0,,,0.0,
326,873,APACHE CORPORATION,2973.0,7.0,Yes,303211.0,BUGLER #001,P,L-13-20S-38E,L,30-025-34506,O,07/2020,08/2022,7800.0,40600.0,,,0.0,
327,873,APACHE CORPORATION,2973.0,7.0,Yes,,BUGLER #002,P,L-13-20S-38E,L,30-025-38689,O,04/2020,05/2022,7278.0,39556.0,,,0.0,
328,873,APACHE CORPORATION,2973.0,7.0,Yes,,BUGLER #003,P,L-13-20S-38E,L,30-025-39648,O,07/2020,08/2022,7251.0,39502.0,,,0.0,
329,873,APACHE CORPORATION,2973.0,7.0,Yes,303212.0,BULL DURHAM #001,P,P-14-20S-38E,P,30-025-34187,O,07/2020,08/2022,7800.0,40600.0,,,0.0,
330,873,APACHE CORPORATION,2973.0,7.0,Yes,,BULL DURHAM #002,P,O-14-20S-38E,O,30-025-34363,O,07/2020,08/2022,7868.0,40736.0,,,0.0,
331,873,APACHE CORPORATION,2973.0,7.0,Yes,,BULL DURHAM #003,P,P-14-20S-38E,P,30-025-38379,O,04/2020,05/2022,7300.0,39600.0,,,0.0,
332,873,APACHE CORPORATION,2973.0,7.0,Yes,306053.0,BUNIN #002,P,E-18-21S-38E,E,30-025-07903,O,06/2020,07/2022,9966.0,44932.0,,,0.0,
333,873,APACHE CORPORATION,2973.0,7.0,Yes,,BUNIN #005,P,F-18-21S-38E,F,30-025-22949,O,04/2020,05/2022,7610.0,40220.0,,,0.0,
334,873,APACHE CORPORATION,2973.0,7.0,Yes,,BUNIN #006,P,A-13-21S-37E,A,30-025-39547,O,06/2020,07/2022,7900.0,40800.0,,,0.0,
335,873,APACHE CORPORATION,2973.0,7.0,Yes,,BUNIN #007,P,D-18-21S-38E,D,30-025-39284,O,07/2020,08/2022,7513.0,40026.0,,,0.0,
336,873,APACHE CORPORATION,2973.0,7.0,Yes,,BUNIN #009,P,A-13-21S-37E,A,30-025-40144,O,07/2020,08/2022,7509.0,40018.0,,,0.0,
337,873,APACHE CORPORATION,2973.0,7.0,Yes,309121.0,BYRD GAS COM #008,P,K-11-20S-36E,K,30-025-32441,G,11/2015,12/2017,3700.0,32400.0,Y,Y,0.0,
338,873,APACHE CORPORATION,2973.0,7.0,Yes,,BYRD GAS COM #009,P,G-11-20S-36E,G,30-025-32835,G,07/2020,08/2022,3700.0,32400.0,,,0.0,
339,873,APACHE CORPORATION,2973.0,7.0,Yes,315935.0,CEDAR LAKE FEDERAL CA #860H,S,I-08-17S-31E,I,30-015-43249,O,07/2020,08/2022,5484.0,35968.0,,,0.0,
340,873,APACHE CORPORATION,2973.0,7.0,Yes,303213.0,CHESTERFIELD #001,P,H-14-20S-38E,H,30-025-34420,O,07/2020,08/2022,7798.0,40596.0,,,0.0,
341,873,APACHE CORPORATION,2973.0,7.0,Yes,,CHESTERFIELD #002,P,H-14-20S-38E,H,30-025-39573,O,07/2020,08/2022,7297.0,39594.0,,,0.0,
342,873,APACHE CORPORATION,2973.0,7.0,Yes,,CHESTERFIELD #003,P,H-14-20S-38E,H,30-025-39721,O,06/2020,07/2022,7520.0,40040.0,,,0.0,
343,873,APACHE CORPORATION,2973.0,7.0,Yes,308741.0,CLUE 21 STATE COM #001,S,B-21-19S-28E,B,30-015-32999,G,07/2020,08/2022,11530.0,48060.0,,,0.0,
344,873,APACHE CORPORATION,2973.0,7.0,Yes,309122.0,COLEMAN #001,P,C-17-21S-36E,C,30-025-04669,O,07/2020,08/2022,4015.0,33030.0,,,0.0,
345,873,APACHE CORPORATION,2973.0,7.0,Yes,303108.0,CONE A #001,P,F-12-20S-38E,F,30-025-07770,O,07/2020,08/2022,7087.0,39174.0,,,0.0,
346,873,APACHE CORPORATION,2973.0,7.0,Yes,,CONE A #002,P,F-12-20S-38E,F,30-025-39491,O,07/2020,08/2022,7305.0,39610.0,,,0.0,
347,873,APACHE CORPORATION,2973.0,7.0,Yes,303109.0,CONE B #002,P,J-12-20S-38E,J,30-025-39907,O,07/2020,08/2022,7306.0,39612.0,,,0.0,
348,873,APACHE CORPORATION,2973.0,7.0,Yes,309123.0,COOPER WN #003,P,B-12-24S-36E,B,30-025-24401,G,07/2020,08/2022,3630.0,32260.0,,,0.0,
349,873,APACHE CORPORATION,2973.0,7.0,Yes,309124.0,CORBIN STATE #001,S,F-24-18S-33E,F,30-025-34547,O,02/2019,03/2021,5505.0,36010.0,,,0.0,
350,873,APACHE CORPORATION,2973.0,7.0,Yes,303214.0,CORRIGAN #001,P,H-14-20S-38E,H,30-025-31300,O,07/2020,08/2022,7710.0,40420.0,,,0.0,
351,873,APACHE CORPORATION,2973.0,7.0,Yes,303215.0,CROWN #001,P,B-13-20S-38E,B,30-025-20195,O,01/2020,02/2022,7076.0,39152.0,,,0.0,
352,873,APACHE CORPORATION,2973.0,7.0,Yes,,CROWN #002,P,B-13-20S-38E,B,30-025-39457,O,07/2020,08/2022,7300.0,39600.0,,,0.0,
353,873,APACHE CORPORATION,2973.0,7.0,Yes,309125.0,CURRAN JONES WN #001,P,A-34-22S-36E,A,30-025-09143,G,07/2020,08/2022,3583.0,32166.0,,,0.0,
354,873,APACHE CORPORATION,2973.0,7.0,Yes,16814.0,D C HARDY #003,P,P-20-21S-37E,P,30-025-06690,O,07/2020,08/2022,6660.0,38320.0,,,0.0,
355,873,APACHE CORPORATION,2973.0,7.0,Yes,,D C HARDY #004,P,O-20-21S-37E,O,30-025-06691,O,07/2020,08/2022,6670.0,38340.0,,,0.0,
356,873,APACHE CORPORATION,2973.0,7.0,Yes,,D C HARDY #006,S,O-20-21S-37E,O,30-025-36114,O,07/2020,08/2022,4100.0,33200.0,,,0.0,
357,873,APACHE CORPORATION,2973.0,7.0,Yes,,D C HARDY #007,P,O-20-21S-37E,O,30-025-36378,O,07/2020,08/2022,4350.0,33700.0,,,0.0,
358,873,APACHE CORPORATION,2973.0,7.0,Yes,,D C HARDY #008,P,P-20-21S-37E,P,30-025-36379,O,07/2020,08/2022,4360.0,33720.0,,,0.0,
359,873,APACHE CORPORATION,2973.0,7.0,Yes,,D C HARDY #009,P,O-20-21S-37E,O,30-025-38004,O,07/2020,08/2022,6875.0,38750.0,,,0.0,
360,873,APACHE CORPORATION,2973.0,7.0,Yes,,D C HARDY #010,P,P-20-21S-37E,P,30-025-39342,O,07/2020,08/2022,6850.0,38700.0,,,0.0,
361,873,APACHE CORPORATION,2973.0,7.0,Yes,,D C HARDY #011,P,P-20-21S-37E,P,30-025-39637,O,07/2020,08/2022,7500.0,40000.0,,,0.0,
362,873,APACHE CORPORATION,2973.0,7.0,Yes,16815.0,D C HARDY GAS UNIT #005,P,P-20-21S-37E,P,30-025-06694,G,04/2020,05/2022,6400.0,37800.0,,,0.0,
363,873,APACHE CORPORATION,2973.0,7.0,Yes,309126.0,D D HARRINGTON WN #001,P,D-10-22S-36E,D,30-025-08864,G,07/2020,08/2022,3447.0,31894.0,,,0.0,
364,873,APACHE CORPORATION,2973.0,7.0,Yes,,D D HARRINGTON WN #002,P,D-10-22S-36E,D,30-025-08865,O,07/2020,08/2022,3832.0,32664.0,,,0.0,
365,873,APACHE CORPORATION,2973.0,7.0,Yes,,D D HARRINGTON WN #003,P,C-10-22S-36E,C,30-025-08866,G,07/2020,08/2022,3813.0,32626.0,,,0.0,
366,873,APACHE CORPORATION,2973.0,7.0,Yes,,D D HARRINGTON WN #004,P,E-10-22S-36E,E,30-025-08867,O,07/2020,08/2022,3785.0,32570.0,,,0.0,
367,873,APACHE CORPORATION,2973.0,7.0,Yes,,D D HARRINGTON WN #005,P,F-10-22S-36E,F,30-025-08861,G,07/2020,08/2022,3808.0,32616.0,,,0.0,
368,873,APACHE CORPORATION,2973.0,7.0,Yes,308712.0,D STATE #001,S,M-25-17S-28E,M,30-015-31257,O,07/2020,08/2022,4500.0,34000.0,,,0.0,
369,873,APACHE CORPORATION,2973.0,7.0,Yes,,D STATE #002,S,P-26-17S-28E,P,30-015-31421,O,07/2020,08/2022,4309.0,33618.0,,,0.0,
370,873,APACHE CORPORATION,2973.0,7.0,Yes,,D STATE #003,S,O-26-17S-28E,O,30-015-30976,O,04/2017,05/2019,4241.0,33482.0,Y,Y,0.0,
371,873,APACHE CORPORATION,2973.0,7.0,Yes,,D STATE #004,S,O-26-17S-28E,O,30-015-32649,O,04/2020,05/2022,4268.0,33536.0,,,0.0,
372,873,APACHE CORPORATION,2973.0,7.0,Yes,,D STATE #005,S,M-26-17S-28E,M,30-015-31422,O,07/2020,08/2022,4212.0,33424.0,,,0.0,
373,873,APACHE CORPORATION,2973.0,7.0,Yes,,D STATE #006,S,L-26-17S-28E,L,30-015-32482,O,07/2020,08/2022,4150.0,33300.0,,,0.0,
374,873,APACHE CORPORATION,2973.0,7.0,Yes,,D STATE #007,S,C-35-17S-28E,C,30-015-31423,O,08/2017,09/2019,4400.0,33800.0,Y,Y,0.0,
375,873,APACHE CORPORATION,2973.0,7.0,Yes,,D STATE #008,S,B-35-17S-28E,B,30-015-31424,O,11/2019,12/2021,4422.0,33844.0,,,0.0,
376,873,APACHE CORPORATION,2973.0,7.0,Yes,,D STATE #009,S,A-35-17S-28E,A,30-015-31425,O,07/2020,08/2022,4465.0,33930.0,,,0.0,
377,873,APACHE CORPORATION,2973.0,7.0,Yes,,D STATE #010,S,D-36-17S-28E,D,30-015-31165,O,07/2020,08/2022,4490.0,33980.0,,,0.0,
378,873,APACHE CORPORATION,2973.0,7.0,Yes,,D STATE #011,S,F-36-17S-28E,F,30-015-32487,O,07/2020,08/2022,4808.0,34616.0,,,0.0,
379,873,APACHE CORPORATION,2973.0,7.0,Yes,,D STATE #012,S,E-36-17S-28E,E,30-015-32488,O,04/2020,05/2022,4678.0,34356.0,,,0.0,
380,873,APACHE CORPORATION,2973.0,7.0,Yes,,D STATE #013,S,A-35-17S-28E,A,30-015-32489,O,07/2020,08/2022,4480.0,33960.0,,,0.0,
381,873,APACHE CORPORATION,2973.0,7.0,Yes,,D STATE #014,S,B-35-17S-28E,B,30-015-32490,O,07/2020,08/2022,4420.0,33840.0,,,0.0,
382,873,APACHE CORPORATION,2973.0,7.0,Yes,,D STATE #015,S,N-26-17S-28E,N,30-015-32483,O,07/2020,08/2022,4340.0,33680.0,,,0.0,
383,873,APACHE CORPORATION,2973.0,7.0,Yes,,D STATE #016,S,M-25-17S-28E,M,30-015-32491,O,07/2020,08/2022,4370.0,33740.0,,,0.0,
384,873,APACHE CORPORATION,2973.0,7.0,Yes,,D STATE #017,S,K-35-17S-28E,K,30-015-31426,O,07/2020,08/2022,4600.0,34200.0,,,0.0,
385,873,APACHE CORPORATION,2973.0,7.0,Yes,,D STATE #018,S,L-35-17S-28E,I,30-015-30977,O,07/2020,08/2022,4545.0,34090.0,,,0.0,
386,873,APACHE CORPORATION,2973.0,7.0,Yes,,D STATE #019,S,I-34-17S-28E,I,30-015-31389,O,07/2020,08/2022,4488.0,33976.0,,,0.0,
387,873,APACHE CORPORATION,2973.0,7.0,Yes,,D STATE #021,S,I-25-17S-28E,I,30-015-30975,O,07/2020,08/2022,4430.0,33860.0,,,0.0,
388,873,APACHE CORPORATION,2973.0,7.0,Yes,,D STATE #022,S,P-25-17S-28E,P,30-015-31966,O,05/2020,06/2022,4560.0,34120.0,,,0.0,
389,873,APACHE CORPORATION,2973.0,7.0,Yes,,D STATE #024,S,O-25-17S-28E,O,30-015-31390,O,07/2020,08/2022,4467.0,33934.0,,,0.0,
390,873,APACHE CORPORATION,2973.0,7.0,Yes,,D STATE #025,S,C-36-17S-28E,C,30-015-35869,O,07/2020,08/2022,4590.0,34180.0,,,0.0,
391,873,APACHE CORPORATION,2973.0,7.0,Yes,,D STATE #026,S,J-25-17S-28E,J,30-015-31586,O,07/2020,08/2022,4340.0,33680.0,,,0.0,
392,873,APACHE CORPORATION,2973.0,7.0,Yes,,D STATE #028,S,O-25-17S-28E,O,30-015-31939,O,07/2020,08/2022,4566.0,34132.0,,,0.0,
393,873,APACHE CORPORATION,2973.0,7.0,Yes,,D STATE #029,S,P-25-17S-28E,P,30-015-31940,O,07/2020,08/2022,4550.0,34100.0,,,0.0,
394,873,APACHE CORPORATION,2973.0,7.0,Yes,,D STATE #032,S,M-26-17S-28E,M,30-015-32484,O,07/2020,08/2022,4272.0,33544.0,,,0.0,
395,873,APACHE CORPORATION,2973.0,7.0,Yes,,D STATE #044,S,O-25-17S-28E,O,30-015-38408,O,07/2020,08/2022,4603.0,34206.0,,,0.0,
396,873,APACHE CORPORATION,2973.0,7.0,Yes,,D STATE #045,S,I-25-17S-28E,I,30-015-38409,O,07/2020,08/2022,4600.0,34200.0,,,0.0,
397,873,APACHE CORPORATION,2973.0,7.0,Yes,,D STATE #046,S,F-36-17S-28E,F,30-015-38410,O,07/2020,08/2022,4601.0,34202.0,,,0.0,
398,873,APACHE CORPORATION,2973.0,7.0,Yes,,D STATE #047,S,M-25-17S-28E,M,30-015-38411,O,07/2020,08/2022,4605.0,34210.0,,,0.0,
399,873,APACHE CORPORATION,2973.0,7.0,Yes,,D STATE #048,S,O-26-17S-28E,O,30-015-38412,O,07/2020,08/2022,4604.0,34208.0,,,0.0,
400,873,APACHE CORPORATION,2973.0,7.0,Yes,,D STATE #049,S,E-36-17S-28E,E,30-015-38413,O,07/2020,08/2022,4600.0,34200.0,,,0.0,
401,873,APACHE CORPORATION,2973.0,7.0,Yes,,D STATE #050,S,M-26-17S-28E,M,30-015-38414,O,07/2020,08/2022,4611.0,34222.0,,,0.0,
402,873,APACHE CORPORATION,2973.0,7.0,Yes,,D STATE #051,S,P-26-17S-28E,P,30-015-38585,O,07/2020,08/2022,4627.0,34254.0,,,0.0,
403,873,APACHE CORPORATION,2973.0,7.0,Yes,,D STATE #052,S,L-35-17S-28E,L,30-015-38468,O,07/2020,08/2022,4613.0,34226.0,,,0.0,
404,873,APACHE CORPORATION,2973.0,7.0,Yes,,D STATE #053,S,J-35-17S-28E,J,30-015-39267,O,07/2020,08/2022,4607.0,34214.0,,,0.0,
405,873,APACHE CORPORATION,2973.0,7.0,Yes,,D STATE #054,S,D-36-17S-28E,D,30-015-38586,O,07/2020,08/2022,4618.0,34236.0,,,0.0,
406,873,APACHE CORPORATION,2973.0,7.0,Yes,,D STATE #055,S,I-35-17S-28E,I,30-015-38587,O,07/2020,08/2022,4626.0,34252.0,,,0.0,
407,873,APACHE CORPORATION,2973.0,7.0,Yes,,D STATE #056,S,P-25-17S-28E,P,30-015-38469,O,07/2020,08/2022,4622.0,34244.0,,,0.0,
408,873,APACHE CORPORATION,2973.0,7.0,Yes,,D STATE #057,S,B-35-17S-28E,B,30-015-38471,O,07/2020,08/2022,4622.0,34244.0,,,0.0,
409,873,APACHE CORPORATION,2973.0,7.0,Yes,,D STATE #058,S,L-26-17S-28E,L,30-015-38588,O,07/2020,08/2022,4623.0,34246.0,,,0.0,
410,873,APACHE CORPORATION,2973.0,7.0,Yes,,D STATE #059,S,P-26-17S-28E,P,30-015-38470,O,07/2020,08/2022,4600.0,34200.0,,,0.0,
411,873,APACHE CORPORATION,2973.0,7.0,Yes,,D STATE #060,S,C-35-17S-28E,C,30-015-38589,O,07/2020,08/2022,4600.0,34200.0,,,0.0,
412,873,APACHE CORPORATION,2973.0,7.0,Yes,,D STATE #061,S,K-36-17S-28E,K,30-015-38969,O,07/2020,08/2022,4630.0,34260.0,,,0.0,
413,873,APACHE CORPORATION,2973.0,7.0,Yes,,D STATE #062,S,C-36-17S-28E,C,30-015-39067,O,07/2020,08/2022,4626.0,34252.0,,,0.0,
414,873,APACHE CORPORATION,2973.0,7.0,Yes,,D STATE #063,S,N-26-17S-28E,N,30-015-39068,O,07/2020,08/2022,4601.0,34202.0,,,0.0,
415,873,APACHE CORPORATION,2973.0,7.0,Yes,,D STATE #064,S,J-25-17S-28E,J,30-015-39069,O,07/2020,08/2022,4610.0,34220.0,,,0.0,
416,873,APACHE CORPORATION,2973.0,7.0,Yes,,D STATE #065,S,C-36-17S-28E,C,30-015-39738,O,07/2020,08/2022,5700.0,36400.0,,,0.0,
417,873,APACHE CORPORATION,2973.0,7.0,Yes,,D STATE #066,S,E-36-17S-28E,E,30-015-39739,O,04/2020,05/2022,4657.0,34314.0,,,0.0,
418,873,APACHE CORPORATION,2973.0,7.0,Yes,,D STATE #067,S,F-36-17S-28E,F,30-015-39740,O,07/2020,08/2022,4663.0,34326.0,,,0.0,
419,873,APACHE CORPORATION,2973.0,7.0,Yes,,D STATE #068,S,L-36-17S-28E,L,30-015-39741,O,07/2020,08/2022,4647.0,34294.0,,,0.0,
420,873,APACHE CORPORATION,2973.0,7.0,Yes,,D STATE #069,S,M-25-17S-28E,M,30-015-39743,O,07/2020,08/2022,4647.0,34294.0,,,0.0,
421,873,APACHE CORPORATION,2973.0,7.0,Yes,,D STATE #070,S,B-35-17S-28E,B,30-015-39742,O,07/2020,08/2022,4650.0,34300.0,,,0.0,
422,873,APACHE CORPORATION,2973.0,7.0,Yes,,D STATE #071,S,L-26-17S-28E,L,30-015-39921,O,07/2020,08/2022,4652.0,34304.0,,,0.0,
423,873,APACHE CORPORATION,2973.0,7.0,Yes,,D STATE #072,S,M-26-17S-28E,M,30-015-39922,O,07/2020,08/2022,4701.0,34402.0,,,0.0,
424,873,APACHE CORPORATION,2973.0,7.0,Yes,,D STATE #073,S,O-26-17S-28E,O,30-015-39923,O,07/2020,08/2022,4715.0,34430.0,,,0.0,
425,873,APACHE CORPORATION,2973.0,7.0,Yes,,D STATE #074,S,K-35-17S-28E,K,30-015-39924,O,07/2020,08/2022,4736.0,34472.0,,,0.0,
426,873,APACHE CORPORATION,2973.0,7.0,Yes,,D STATE #075,S,P-25-17S-28E,P,30-015-39925,O,07/2020,08/2022,4738.0,34476.0,,,0.0,
427,873,APACHE CORPORATION,2973.0,7.0,Yes,,D STATE #076,S,I-25-17S-28E,I,30-015-40309,O,07/2020,08/2022,4721.0,34442.0,,,0.0,
428,873,APACHE CORPORATION,2973.0,7.0,Yes,,D STATE #077,S,J-25-17S-28E,J,30-015-40310,O,07/2020,08/2022,4700.0,34400.0,,,0.0,
429,873,APACHE CORPORATION,2973.0,7.0,Yes,,D STATE #078,S,O-25-17S-28E,O,30-015-40311,O,07/2020,08/2022,4487.0,33974.0,,,0.0,
430,873,APACHE CORPORATION,2973.0,7.0,Yes,,D STATE #079,S,P-26-17S-28E,P,30-015-40312,O,07/2020,08/2022,4708.0,34416.0,,,0.0,
431,873,APACHE CORPORATION,2973.0,7.0,Yes,,D STATE #080,S,N-26-17S-28E,N,30-015-40313,O,07/2020,08/2022,4470.0,33940.0,,,0.0,
432,873,APACHE CORPORATION,2973.0,7.0,Yes,,D STATE #081,S,A-35-17S-28E,A,30-015-40314,O,07/2020,08/2022,4465.0,33930.0,,,0.0,
433,873,APACHE CORPORATION,2973.0,7.0,Yes,,D STATE #082,S,I-35-17S-28E,I,30-015-40132,O,07/2020,08/2022,4702.0,34404.0,,,0.0,
434,873,APACHE CORPORATION,2973.0,7.0,Yes,,D STATE #083,S,L-36-17S-28E,L,30-015-40133,O,07/2020,08/2022,4497.0,33994.0,,,0.0,
435,873,APACHE CORPORATION,2973.0,7.0,Yes,,D STATE #084,S,J-35-17S-28E,J,30-015-40145,O,07/2020,08/2022,4701.0,34402.0,,,0.0,
436,873,APACHE CORPORATION,2973.0,7.0,Yes,,D STATE #085,S,J-34-17S-28E,J,30-015-40441,O,07/2020,08/2022,4717.0,34434.0,,,0.0,
437,873,APACHE CORPORATION,2973.0,7.0,Yes,,D STATE #086,S,J-34-17S-28E,J,30-015-40231,O,07/2020,08/2022,4700.0,34400.0,,,0.0,
438,873,APACHE CORPORATION,2973.0,7.0,Yes,,D STATE #087,S,J-34-17S-28E,J,30-015-40232,O,05/2020,06/2022,4715.0,34430.0,,,0.0,
439,873,APACHE CORPORATION,2973.0,7.0,Yes,,D STATE #088,S,J-34-17S-28E,J,30-015-40233,O,07/2020,08/2022,4700.0,34400.0,,,0.0,
440,873,APACHE CORPORATION,2973.0,7.0,Yes,,D STATE #089,S,I-34-17S-28E,I,30-015-40234,O,07/2020,08/2022,4700.0,34400.0,,,0.0,
441,873,APACHE CORPORATION,2973.0,7.0,Yes,,D STATE #090,S,I-34-17S-28E,I,30-015-40235,O,07/2020,08/2022,4400.0,33800.0,,,0.0,
442,873,APACHE CORPORATION,2973.0,7.0,Yes,,D STATE #091,S,L-35-17S-28E,L,30-015-40236,O,07/2020,08/2022,4458.0,33916.0,,,0.0,
443,873,APACHE CORPORATION,2973.0,7.0,Yes,,D STATE #092,S,K-35-17S-28E,K,30-015-40237,O,07/2020,08/2022,4476.0,33952.0,,,0.0,
444,873,APACHE CORPORATION,2973.0,7.0,Yes,,D STATE #093,S,J-35-17S-28E,J,30-015-40238,O,07/2020,08/2022,9.0,25018.0,,,0.0,
445,873,APACHE CORPORATION,2973.0,7.0,Yes,,D STATE #094,S,J-35-17S-28E,J,30-015-40239,O,07/2020,08/2022,4700.0,34400.0,,,0.0,
446,873,APACHE CORPORATION,2973.0,7.0,Yes,,D STATE #095,S,E-36-17S-28E,E,30-015-40218,O,07/2020,08/2022,4494.0,33988.0,,,0.0,
447,873,APACHE CORPORATION,2973.0,7.0,Yes,,D STATE #096,S,F-36-17S-28E,F,30-015-40240,O,07/2020,08/2022,4700.0,34400.0,,,0.0,
448,873,APACHE CORPORATION,2973.0,7.0,Yes,,D STATE #097,S,I-35-17S-28E,I,30-015-40136,O,07/2020,08/2022,4484.0,33968.0,,,0.0,
449,873,APACHE CORPORATION,2973.0,7.0,Yes,,D STATE #098,S,I-35-17S-28E,I,30-015-40137,O,07/2020,08/2022,4718.0,34436.0,,,0.0,
450,873,APACHE CORPORATION,2973.0,7.0,Yes,,D STATE #099,S,L-36-17S-28E,L,30-015-40138,O,02/2016,03/2018,4723.0,34446.0,Y,Y,0.0,
451,873,APACHE CORPORATION,2973.0,7.0,Yes,,D STATE #100,S,K-36-17S-28E,K,30-015-40141,O,04/2020,05/2022,4712.0,34424.0,,,0.0,
452,873,APACHE CORPORATION,2973.0,7.0,Yes,,D STATE #101,S,L-36-17S-28E,L,30-015-40142,O,07/2020,08/2022,4700.0,34400.0,,,0.0,
453,873,APACHE CORPORATION,2973.0,7.0,Yes,,D STATE #102,S,K-36-17S-28E,K,30-015-40158,O,04/2020,05/2022,4726.0,34452.0,,,0.0,
454,873,APACHE CORPORATION,2973.0,7.0,Yes,,D STATE #103,S,K-36-17S-28E,K,30-015-40143,O,04/2020,05/2022,4708.0,34416.0,,,0.0,
455,873,APACHE CORPORATION,2973.0,7.0,Yes,,D STATE #104,S,D-36-17S-28E,D,30-015-41711,O,07/2020,08/2022,99.0,25198.0,,,0.0,
456,873,APACHE CORPORATION,2973.0,7.0,Yes,,D STATE #105,S,C-35-17S-28E,C,30-015-41709,O,07/2020,08/2022,4660.0,34320.0,,,0.0,
457,873,APACHE CORPORATION,2973.0,7.0,Yes,308713.0,DAD STATE #020,S,I-34-17S-28E,I,30-015-32492,O,10/2017,11/2019,4415.0,33830.0,Y,Y,0.0,
458,873,APACHE CORPORATION,2973.0,7.0,Yes,,DAD STATE #033,S,D-36-17S-28E,D,30-015-32501,O,07/2020,08/2022,4510.0,34020.0,,,0.0,
459,873,APACHE CORPORATION,2973.0,7.0,Yes,,DAD STATE #034,S,A-35-17S-28E,A,30-015-01737,O,07/2020,08/2022,6405.0,37810.0,,,0.0,
460,873,APACHE CORPORATION,2973.0,7.0,Yes,,DAD STATE #035,S,K-35-17S-28E,K,30-015-01739,O,07/2020,08/2022,6378.0,37756.0,,,0.0,
461,873,APACHE CORPORATION,2973.0,7.0,Yes,,DAD STATE #037,S,L-35-17S-28E,L,30-015-33478,O,07/2020,08/2022,4530.0,34060.0,,,0.0,
462,873,APACHE CORPORATION,2973.0,7.0,Yes,,DAD STATE #038,S,L-26-17S-28E,L,30-015-33480,O,07/2020,08/2022,4190.0,33380.0,,,0.0,
463,873,APACHE CORPORATION,2973.0,7.0,Yes,,DAD STATE #039,S,C-35-17S-28E,C,30-015-33453,O,08/2019,09/2021,4370.0,33740.0,,,0.0,
464,873,APACHE CORPORATION,2973.0,7.0,Yes,,DAD STATE #040,S,N-26-17S-28E,N,30-015-33454,O,07/2020,08/2022,4350.0,33700.0,,,0.0,
465,873,APACHE CORPORATION,2973.0,7.0,Yes,,DAD STATE #041,S,J-25-17S-28E,J,30-015-33455,O,07/2020,08/2022,4460.0,33920.0,,,0.0,
466,873,APACHE CORPORATION,2973.0,7.0,Yes,,DAD STATE #042,S,I-25-17S-28E,I,30-015-33456,O,07/2020,08/2022,4580.0,34160.0,,,0.0,
467,873,APACHE CORPORATION,2973.0,7.0,Yes,,DAD STATE #043,S,C-36-17S-28E,C,30-015-36278,O,07/2020,08/2022,4545.0,34090.0,,,0.0,
468,873,APACHE CORPORATION,2973.0,7.0,Yes,29727.0,DAURON #004,P,A-10-21S-37E,A,30-025-35905,O,07/2020,08/2022,4200.0,33400.0,,,0.0,
469,873,APACHE CORPORATION,2973.0,7.0,Yes,306597.0,DAYTON HARDY #001,P,I-20-21S-37E,I,30-025-09927,O,04/2020,05/2022,3750.0,32500.0,,,0.0,
470,873,APACHE CORPORATION,2973.0,7.0,Yes,,DAYTON HARDY #002,P,I-20-21S-37E,I,30-025-06688,O,07/2020,08/2022,6672.0,38344.0,,,0.0,
471,873,APACHE CORPORATION,2973.0,7.0,Yes,,DAYTON HARDY #003,P,J-20-21S-37E,J,30-025-06689,O,07/2020,08/2022,6677.0,38354.0,,,0.0,
472,873,APACHE CORPORATION,2973.0,7.0,Yes,,DAYTON HARDY #004,P,J-20-21S-37E,J,30-025-36963,O,07/2020,08/2022,4145.0,33290.0,,,0.0,
473,873,APACHE CORPORATION,2973.0,7.0,Yes,,DAYTON HARDY #005,P,J-20-21S-37E,J,30-025-37027,O,07/2020,08/2022,4150.0,33300.0,,,0.0,
474,873,APACHE CORPORATION,2973.0,7.0,Yes,,DAYTON HARDY #006,P,I-20-21S-37E,I,30-025-36964,O,07/2020,08/2022,4172.0,33344.0,,,0.0,
475,873,APACHE CORPORATION,2973.0,7.0,Yes,,DAYTON HARDY #007,P,I-20-21S-37E,I,30-025-36965,O,07/2020,08/2022,4154.0,33308.0,,,0.0,
476,873,APACHE CORPORATION,2973.0,7.0,Yes,,DAYTON HARDY #009,P,I-20-21S-37E,I,30-025-40078,O,07/2020,08/2022,7250.0,39500.0,,,0.0,
477,873,APACHE CORPORATION,2973.0,7.0,Yes,26465.0,DIAMONDBACK #001,P,J-14-20S-38E,J,30-025-34274,O,06/2020,07/2022,7900.0,40800.0,,,0.0,
478,873,APACHE CORPORATION,2973.0,7.0,Yes,,DIAMONDBACK #002,P,J-14-20S-38E,J,30-025-39649,O,06/2020,07/2022,7258.0,39516.0,,,0.0,
479,873,APACHE CORPORATION,2973.0,7.0,Yes,303216.0,DIXIE QUEEN #001,P,P-11-20S-38E,P,30-025-36421,G,07/2020,08/2022,7800.0,40600.0,,,0.0,
480,873,APACHE CORPORATION,2973.0,7.0,Yes,,DIXIE QUEEN #002,P,P-11-20S-38E,P,30-025-38661,O,07/2020,08/2022,7320.0,39640.0,,,0.0,
481,873,APACHE CORPORATION,2973.0,7.0,Yes,,DIXIE QUEEN #003,P,I-11-20S-38E,I,30-025-39451,O,07/2020,08/2022,7300.0,39600.0,,,0.0,
482,873,APACHE CORPORATION,2973.0,7.0,Yes,,DIXIE QUEEN #004,P,I-11-20S-38E,I,30-025-39650,O,07/2020,08/2022,7250.0,39500.0,,,0.0,
483,873,APACHE CORPORATION,2973.0,7.0,Yes,303217.0,DUKES #001,P,K-11-20S-38E,K,30-025-35614,O,07/2020,08/2022,7750.0,40500.0,,,0.0,
484,873,APACHE CORPORATION,2973.0,7.0,Yes,,DUKES #002,P,K-11-20S-38E,K,30-025-40022,O,07/2020,08/2022,7350.0,39700.0,,,0.0,
485,873,APACHE CORPORATION,2973.0,7.0,Yes,309129.0,E L STEELER WN #003,P,3-19-23S-37E,L,30-025-10801,G,07/2020,08/2022,3568.0,32136.0,,,0.0,
486,873,APACHE CORPORATION,2973.0,7.0,Yes,,E L STEELER WN #004,P,4-19-23S-37E,M,30-025-10802,G,07/2020,08/2022,3585.0,32170.0,,,0.0,
487,873,APACHE CORPORATION,2973.0,7.0,Yes,,E L STEELER WN #005,P,J-19-23S-37E,J,30-025-27146,O,07/2020,08/2022,3898.0,32796.0,,,0.0,
488,873,APACHE CORPORATION,2973.0,7.0,Yes,16812.0,E N GRIZZELL #002,P,G-06-22S-37E,G,30-025-25293,O,07/2020,08/2022,6800.0,38600.0,,,0.0,
489,873,APACHE CORPORATION,2973.0,7.0,Yes,26467.0,E W WALDEN #002,P,K-15-22S-37E,K,30-025-10270,O,04/2020,05/2022,6470.0,37940.0,,,0.0,
490,873,APACHE CORPORATION,2973.0,7.0,Yes,,E W WALDEN #003,P,N-15-22S-37E,N,30-025-10271,O,07/2020,08/2022,7875.0,40750.0,,,0.0,
491,873,APACHE CORPORATION,2973.0,7.0,Yes,,E W WALDEN #004,P,L-15-22S-37E,L,30-025-10272,O,04/2020,05/2022,7917.0,40834.0,,,0.0,
492,873,APACHE CORPORATION,2973.0,7.0,Yes,,E W WALDEN #005,P,L-15-22S-37E,L,30-025-10273,O,07/2020,08/2022,6495.0,37990.0,,,0.0,
493,873,APACHE CORPORATION,2973.0,7.0,Yes,,E W WALDEN #006,P,M-15-22S-37E,M,30-025-10274,O,04/2020,05/2022,8090.0,41180.0,,,0.0,
494,873,APACHE CORPORATION,2973.0,7.0,Yes,,E W WALDEN #007,P,N-15-22S-37E,N,30-025-10275,O,07/2020,08/2022,6475.0,37950.0,,,0.0,
495,873,APACHE CORPORATION,2973.0,7.0,Yes,,E W WALDEN #009,P,K-15-22S-37E,K,30-025-38371,O,07/2020,08/2022,6750.0,38500.0,,,0.0,
496,873,APACHE CORPORATION,2973.0,7.0,Yes,,E W WALDEN #010,P,N-15-22S-37E,N,30-025-38876,O,07/2020,08/2022,6700.0,38400.0,,,0.0,
497,873,APACHE CORPORATION,2973.0,7.0,Yes,,E W WALDEN #016,P,K-15-22S-37E,K,30-025-39696,O,07/2020,08/2022,7322.0,39644.0,,,0.0,
498,873,APACHE CORPORATION,2973.0,7.0,Yes,,E W WALDEN #017,P,L-15-22S-37E,L,30-025-40208,O,07/2020,08/2022,7256.0,39512.0,,,0.0,
499,873,APACHE CORPORATION,2973.0,7.0,Yes,308715.0,EAGLE CLAW STATE COM #001,S,O-02-19S-27E,O,30-015-33886,G,07/2020,08/2022,10700.0,46400.0,,,0.0,
500,873,APACHE CORPORATION,2973.0,7.0,Yes,35023.0,EAST BLINEBRY DRINKARD UNIT #048,P,M-12-21S-37E,M,30-025-06550,I,07/2020,08/2022,5920.0,36840.0,,,0.0,
501,873,APACHE CORPORATION,2973.0,7.0,Yes,,EAST BLINEBRY DRINKARD UNIT #049,P,G-14-21S-37E,G,30-025-06582,O,07/2020,08/2022,7573.0,40146.0,,,0.0,
502,873,APACHE CORPORATION,2973.0,7.0,Yes,,EAST BLINEBRY DRINKARD UNIT #050,P,B-14-21S-37E,B,30-025-06583,I,07/2020,08/2022,6631.0,38262.0,,,0.0,
503,873,APACHE CORPORATION,2973.0,7.0,Yes,,EAST BLINEBRY DRINKARD UNIT #051,P,G-14-21S-37E,G,30-025-06584,I,07/2020,08/2022,5850.0,36700.0,,,0.0,
504,873,APACHE CORPORATION,2973.0,7.0,Yes,,EAST BLINEBRY DRINKARD UNIT #052,P,B-14-21S-37E,B,30-025-36810,O,07/2020,08/2022,8001.0,41002.0,,,0.0,
505,873,APACHE CORPORATION,2973.0,7.0,Yes,,EAST BLINEBRY DRINKARD UNIT #053,P,C-13-21S-37E,C,30-025-06566,I,07/2020,08/2022,6010.0,37020.0,,,0.0,
506,873,APACHE CORPORATION,2973.0,7.0,Yes,,EAST BLINEBRY DRINKARD UNIT #054,P,B-13-21S-37E,B,30-025-06567,I,07/2020,08/2022,6300.0,37600.0,,,0.0,
507,873,APACHE CORPORATION,2973.0,7.0,Yes,,EAST BLINEBRY DRINKARD UNIT #055,P,D-13-21S-37E,D,30-025-06568,I,07/2020,08/2022,6504.0,38008.0,,,0.0,
508,873,APACHE CORPORATION,2973.0,7.0,Yes,,EAST BLINEBRY DRINKARD UNIT #060,P,B-14-21S-37E,B,30-025-38113,O,06/2020,07/2022,6875.0,38750.0,,,0.0,
509,873,APACHE CORPORATION,2973.0,7.0,Yes,,EAST BLINEBRY DRINKARD UNIT #068,P,N-12-21S-37E,N,30-025-38500,O,07/2020,08/2022,7000.0,39000.0,,,0.0,
510,873,APACHE CORPORATION,2973.0,7.0,Yes,,EAST BLINEBRY DRINKARD UNIT #070,P,D-13-21S-37E,D,30-025-38501,O,07/2020,08/2022,6950.0,38900.0,,,0.0,
511,873,APACHE CORPORATION,2973.0,7.0,Yes,,EAST BLINEBRY DRINKARD UNIT #071,P,D-13-21S-37E,D,30-025-38536,O,07/2020,08/2022,7000.0,39000.0,,,0.0,
512,873,APACHE CORPORATION,2973.0,7.0,Yes,,EAST BLINEBRY DRINKARD UNIT #072,P,B-13-21S-37E,B,30-025-38537,O,07/2020,08/2022,7200.0,39400.0,,,0.0,
513,873,APACHE CORPORATION,2973.0,7.0,Yes,,EAST BLINEBRY DRINKARD UNIT #074,P,L-12-21S-37E,L,30-025-39379,O,07/2020,08/2022,7000.0,39000.0,,,0.0,
514,873,APACHE CORPORATION,2973.0,7.0,Yes,,EAST BLINEBRY DRINKARD UNIT #075,P,L-12-21S-37E,L,30-025-39012,O,07/2020,08/2022,6985.0,38970.0,,,0.0,
515,873,APACHE CORPORATION,2973.0,7.0,Yes,,EAST BLINEBRY DRINKARD UNIT #077,P,J-12-21S-37E,J,30-025-39273,O,07/2020,08/2022,7068.0,39136.0,,,0.0,
516,873,APACHE CORPORATION,2973.0,7.0,Yes,,EAST BLINEBRY DRINKARD UNIT #078,P,N-12-21S-37E,N,30-025-39274,O,07/2020,08/2022,7045.0,39090.0,,,0.0,
517,873,APACHE CORPORATION,2973.0,7.0,Yes,,EAST BLINEBRY DRINKARD UNIT #079,P,N-12-21S-37E,N,30-025-39378,O,07/2020,08/2022,6997.0,38994.0,,,0.0,
518,873,APACHE CORPORATION,2973.0,7.0,Yes,,EAST BLINEBRY DRINKARD UNIT #081,P,B-14-21S-37E,B,30-025-39057,O,07/2020,08/2022,6925.0,38850.0,,,0.0,
519,873,APACHE CORPORATION,2973.0,7.0,Yes,,EAST BLINEBRY DRINKARD UNIT #082,P,C-13-21S-37E,C,30-025-39568,O,07/2020,08/2022,7550.0,40100.0,,,0.0,
520,873,APACHE CORPORATION,2973.0,7.0,Yes,,EAST BLINEBRY DRINKARD UNIT #089,P,G-14-21S-37E,G,30-025-39275,O,07/2020,08/2022,6905.0,38810.0,,,0.0,
521,873,APACHE CORPORATION,2973.0,7.0,Yes,,EAST BLINEBRY DRINKARD UNIT #090,P,L-12-21S-37E,L,30-025-39034,O,07/2020,08/2022,7012.0,39024.0,,,0.0,
522,873,APACHE CORPORATION,2973.0,7.0,Yes,,EAST BLINEBRY DRINKARD UNIT #091,P,K-12-21S-37E,K,30-025-39706,O,07/2020,08/2022,7204.0,39408.0,,,0.0,
523,873,APACHE CORPORATION,2973.0,7.0,Yes,,EAST BLINEBRY DRINKARD UNIT #092,P,O-12-21S-37E,O,30-025-39036,O,07/2020,08/2022,7185.0,39370.0,,,0.0,
524,873,APACHE CORPORATION,2973.0,7.0,Yes,,EAST BLINEBRY DRINKARD UNIT #093,P,B-13-21S-37E,B,30-025-39707,O,07/2020,08/2022,7200.0,39400.0,,,0.0,
525,873,APACHE CORPORATION,2973.0,7.0,Yes,,EAST BLINEBRY DRINKARD UNIT #094,P,C-13-21S-37E,C,30-025-39035,O,07/2020,08/2022,7045.0,39090.0,,,0.0,
526,873,APACHE CORPORATION,2973.0,7.0,Yes,,EAST BLINEBRY DRINKARD UNIT #130,P,J-12-21S-37E,J,30-025-40713,O,07/2020,08/2022,7150.0,39300.0,,,0.0,
527,873,APACHE CORPORATION,2973.0,7.0,Yes,306598.0,EDITH BUTLER A #001,P,L-18-22S-38E,L,30-025-12124,O,05/2007,06/2009,7000.0,39000.0,Y,Y,0.0,
528,873,APACHE CORPORATION,2973.0,7.0,Yes,306599.0,EDITH BUTLER B #001,P,I-13-22S-37E,I,30-025-10252,O,07/2020,08/2022,6950.0,38900.0,,,0.0,
529,873,APACHE CORPORATION,2973.0,7.0,Yes,,EDITH BUTLER B #002,P,J-13-22S-37E,J,30-025-25074,O,07/2020,08/2022,7753.0,40506.0,,,0.0,
530,873,APACHE CORPORATION,2973.0,7.0,Yes,,EDITH BUTLER B #004,P,I-13-22S-37E,I,30-025-37513,O,07/2020,08/2022,5380.0,35760.0,,,0.0,
531,873,APACHE CORPORATION,2973.0,7.0,Yes,,EDITH BUTLER B #005,P,I-13-22S-37E,I,30-025-40011,O,07/2020,08/2022,6852.0,38704.0,,,0.0,
532,873,APACHE CORPORATION,2973.0,7.0,Yes,,EDITH BUTLER B #006,P,J-13-22S-37E,J,30-025-40012,O,07/2020,08/2022,7050.0,39100.0,,,0.0,
533,873,APACHE CORPORATION,2973.0,7.0,Yes,306600.0,ELLIOTT STATE #006,S,J-30-19S-37E,J,30-025-32381,G,07/2020,08/2022,3700.0,32400.0,,,0.0,
534,873,APACHE CORPORATION,2973.0,7.0,Yes,,ELLIOTT STATE #007,S,O-30-19S-37E,O,30-025-32708,G,07/2020,08/2022,3760.0,32520.0,,,0.0,
535,873,APACHE CORPORATION,2973.0,7.0,Yes,309164.0,EMPIRE ABO UNIT #005D,S,E-16-18S-27E,E,30-015-00902,O,12/2017,01/2020,5708.0,36416.0,Y,Y,0.0,
536,873,APACHE CORPORATION,2973.0,7.0,Yes,,EMPIRE ABO UNIT #005E,S,L-16-18S-27E,L,30-015-00905,O,07/2020,08/2022,5797.0,36594.0,,,0.0,
537,873,APACHE CORPORATION,2973.0,7.0,Yes,,EMPIRE ABO UNIT #006D,S,C-16-18S-27E,C,30-015-00900,O,07/2020,08/2022,5681.0,36362.0,,,0.0,
538,873,APACHE CORPORATION,2973.0,7.0,Yes,,EMPIRE ABO UNIT #006F,S,K-16-18S-27E,K,30-015-00904,O,07/2020,08/2022,5963.0,36926.0,,,0.0,
539,873,APACHE CORPORATION,2973.0,7.0,Yes,,EMPIRE ABO UNIT #007H,S,G-16-18S-27E,G,30-015-00909,O,07/2020,08/2022,5835.0,36670.0,,,0.0,
540,873,APACHE CORPORATION,2973.0,7.0,Yes,,EMPIRE ABO UNIT #008G,S,A-16-18S-27E,A,30-015-00912,O,04/2020,05/2022,6018.0,37036.0,,,0.0,
541,873,APACHE CORPORATION,2973.0,7.0,Yes,,EMPIRE ABO UNIT #013,S,M-02-18S-27E,M,30-015-00723,O,07/2020,08/2022,6075.0,37150.0,,,0.0,
542,873,APACHE CORPORATION,2973.0,7.0,Yes,,EMPIRE ABO UNIT #013A,S,4-02-18S-27E,D,30-015-00729,O,07/2020,08/2022,5695.0,36390.0,,,0.0,
543,873,APACHE CORPORATION,2973.0,7.0,Yes,,EMPIRE ABO UNIT #013B,S,L-02-18S-27E,L,30-015-00732,O,07/2020,08/2022,6094.0,37188.0,,,0.0,
544,873,APACHE CORPORATION,2973.0,7.0,Yes,,EMPIRE ABO UNIT #013C,S,E-02-18S-27E,E,30-015-00733,O,04/2020,05/2022,6131.0,37262.0,,,0.0,
545,873,APACHE CORPORATION,2973.0,7.0,Yes,,EMPIRE ABO UNIT #014,S,N-02-18S-27E,N,30-015-00730,O,07/2020,08/2022,6152.0,37304.0,,,0.0,
546,873,APACHE CORPORATION,2973.0,7.0,Yes,,EMPIRE ABO UNIT #014A,S,F-02-18S-27E,F,30-015-00734,O,07/2020,08/2022,6133.0,37266.0,,,0.0,
547,873,APACHE CORPORATION,2973.0,7.0,Yes,,EMPIRE ABO UNIT #014B,S,K-02-18S-27E,K,30-015-00735,O,07/2020,08/2022,6676.0,38352.0,,,0.0,
548,873,APACHE CORPORATION,2973.0,7.0,Yes,,EMPIRE ABO UNIT #015,S,J-02-18S-27E,J,30-015-00716,O,07/2020,08/2022,6100.0,37200.0,,,0.0,
549,873,APACHE CORPORATION,2973.0,7.0,Yes,,EMPIRE ABO UNIT #015B,S,G-02-18S-27E,G,30-015-00741,O,07/2020,08/2022,5884.0,36768.0,,,0.0,
550,873,APACHE CORPORATION,2973.0,7.0,Yes,,EMPIRE ABO UNIT #016,S,I-02-18S-27E,I,30-015-00717,O,12/2019,01/2022,6100.0,37200.0,,,0.0,
551,873,APACHE CORPORATION,2973.0,7.0,Yes,,EMPIRE ABO UNIT #016B,S,1-02-18S-27E,A,30-015-00724,O,10/2015,11/2017,5920.0,36840.0,Y,Y,0.0,
552,873,APACHE CORPORATION,2973.0,7.0,Yes,,EMPIRE ABO UNIT #017,S,M-36-17S-27E,M,30-015-00676,O,05/2019,06/2021,5797.0,36594.0,,,0.0,
553,873,APACHE CORPORATION,2973.0,7.0,Yes,,EMPIRE ABO UNIT #019A,S,J-36-17S-27E,J,30-015-05934,O,03/2016,04/2018,5970.0,36940.0,Y,Y,0.0,
554,873,APACHE CORPORATION,2973.0,7.0,Yes,,EMPIRE ABO UNIT #021B,S,4-06-18S-28E,D,30-015-02613,O,07/2020,08/2022,6119.0,37238.0,,,0.0,
555,873,APACHE CORPORATION,2973.0,7.0,Yes,,EMPIRE ABO UNIT #021C,S,5-06-18S-28E,E,30-015-02619,O,07/2020,08/2022,6202.0,37404.0,,,0.0,
556,873,APACHE CORPORATION,2973.0,7.0,Yes,,EMPIRE ABO UNIT #021D,S,6-06-18S-28E,L,30-015-02622,O,05/2018,06/2020,6194.0,37388.0,Y,Y,0.0,
557,873,APACHE CORPORATION,2973.0,7.0,Yes,,EMPIRE ABO UNIT #022C,S,N-06-18S-28E,N,30-015-02610,O,07/2020,08/2022,6243.0,37486.0,,,0.0,
558,873,APACHE CORPORATION,2973.0,7.0,Yes,,EMPIRE ABO UNIT #022D,S,F-06-18S-28E,F,30-015-02620,O,07/2020,08/2022,6206.0,37412.0,,,0.0,
559,873,APACHE CORPORATION,2973.0,7.0,Yes,,EMPIRE ABO UNIT #022E,S,3-06-18S-28E,C,30-015-02621,O,07/2020,08/2022,6033.0,37066.0,,,0.0,
560,873,APACHE CORPORATION,2973.0,7.0,Yes,,EMPIRE ABO UNIT #022F,S,K-06-18S-28E,K,30-015-02623,O,07/2020,08/2022,6210.0,37420.0,,,0.0,
561,873,APACHE CORPORATION,2973.0,7.0,Yes,,EMPIRE ABO UNIT #023B,S,G-06-18S-28E,G,30-015-02614,O,07/2020,08/2022,6242.0,37484.0,,,0.0,
562,873,APACHE CORPORATION,2973.0,7.0,Yes,,EMPIRE ABO UNIT #023C,S,2-06-18S-28E,B,30-015-02625,O,12/2015,01/2018,6194.0,37388.0,Y,Y,0.0,
563,873,APACHE CORPORATION,2973.0,7.0,Yes,,EMPIRE ABO UNIT #024,S,P-31-17S-28E,P,30-015-01641,O,07/2020,08/2022,6122.0,37244.0,,,0.0,
564,873,APACHE CORPORATION,2973.0,7.0,Yes,,EMPIRE ABO UNIT #024B,S,1-06-18S-28E,A,30-015-02615,O,04/2020,05/2022,6241.0,37482.0,,,0.0,
565,873,APACHE CORPORATION,2973.0,7.0,Yes,,EMPIRE ABO UNIT #026A,S,N-32-17S-28E,N,30-015-01659,O,02/2016,03/2018,6172.0,37344.0,Y,Y,0.0,
566,873,APACHE CORPORATION,2973.0,7.0,Yes,,EMPIRE ABO UNIT #026B,S,K-32-17S-28E,K,30-015-01661,O,02/2016,03/2018,6083.0,37166.0,Y,Y,0.0,
567,873,APACHE CORPORATION,2973.0,7.0,Yes,,EMPIRE ABO UNIT #026D,S,F-05-18S-28E,F,30-015-02602,O,04/2017,05/2019,6265.0,37530.0,Y,Y,0.0,
568,873,APACHE CORPORATION,2973.0,7.0,Yes,,EMPIRE ABO UNIT #026E,S,3-05-18S-28E,C,30-015-02606,O,02/2016,03/2018,6254.0,37508.0,Y,Y,0.0,
569,873,APACHE CORPORATION,2973.0,7.0,Yes,,EMPIRE ABO UNIT #030A,S,F-33-17S-28E,F,30-015-01689,O,04/2020,05/2022,6155.0,37310.0,,,0.0,
570,873,APACHE CORPORATION,2973.0,7.0,Yes,,EMPIRE ABO UNIT #030B,S,C-33-17S-28E,C,30-015-01697,O,03/2020,04/2022,5930.0,36860.0,,,0.0,
571,873,APACHE CORPORATION,2973.0,7.0,Yes,,EMPIRE ABO UNIT #032E,S,A-33-17S-28E,A,30-015-01695,O,03/2016,04/2018,6170.0,37340.0,Y,Y,0.0,
572,873,APACHE CORPORATION,2973.0,7.0,Yes,,EMPIRE ABO UNIT #033,S,M-27-17S-28E,M,30-015-01579,O,07/2020,08/2022,6189.0,37378.0,,,0.0,
573,873,APACHE CORPORATION,2973.0,7.0,Yes,,EMPIRE ABO UNIT #033D,S,D-34-17S-28E,D,30-015-01727,O,07/2020,08/2022,6205.0,37410.0,,,0.0,
574,873,APACHE CORPORATION,2973.0,7.0,Yes,,EMPIRE ABO UNIT #034A,S,N-27-17S-28E,N,30-015-01592,O,02/2016,03/2018,6270.0,37540.0,Y,Y,0.0,
575,873,APACHE CORPORATION,2973.0,7.0,Yes,,EMPIRE ABO UNIT #034C,S,F-34-17S-28E,F,30-015-01714,O,07/2020,08/2022,6257.0,37514.0,,,0.0,
576,873,APACHE CORPORATION,2973.0,7.0,Yes,,EMPIRE ABO UNIT #035,S,J-27-17S-28E,J,30-015-01584,O,03/2016,04/2018,6199.0,37398.0,Y,Y,0.0,
577,873,APACHE CORPORATION,2973.0,7.0,Yes,,EMPIRE ABO UNIT #035A,S,G-34-17S-28E,G,30-015-01715,O,10/2016,11/2018,6336.0,37672.0,Y,Y,0.0,
578,873,APACHE CORPORATION,2973.0,7.0,Yes,,EMPIRE ABO UNIT #035B,S,B-34-17S-28E,B,30-015-01716,O,07/2020,08/2022,6256.0,37512.0,,,0.0,
579,873,APACHE CORPORATION,2973.0,7.0,Yes,,EMPIRE ABO UNIT #035C,S,J-34-17S-28E,J,30-015-01763,O,04/2020,05/2022,6380.0,37760.0,,,0.0,
580,873,APACHE CORPORATION,2973.0,7.0,Yes,,EMPIRE ABO UNIT #036,S,P-27-17S-28E,P,30-015-01582,O,02/2016,03/2018,6271.0,37542.0,Y,Y,0.0,
581,873,APACHE CORPORATION,2973.0,7.0,Yes,,EMPIRE ABO UNIT #036A,S,I-27-17S-28E,I,30-015-01583,O,03/2020,04/2022,6262.0,37524.0,,,0.0,
582,873,APACHE CORPORATION,2973.0,7.0,Yes,,EMPIRE ABO UNIT #036B,S,H-34-17S-28E,H,30-015-01719,O,07/2020,08/2022,6339.0,37678.0,,,0.0,
583,873,APACHE CORPORATION,2973.0,7.0,Yes,,EMPIRE ABO UNIT #036C,S,A-34-17S-28E,A,30-015-01720,O,07/2020,08/2022,6345.0,37690.0,,,0.0,
584,873,APACHE CORPORATION,2973.0,7.0,Yes,,EMPIRE ABO UNIT #037,S,M-26-17S-28E,M,30-015-01551,O,02/2016,03/2018,6224.0,37448.0,Y,Y,0.0,
585,873,APACHE CORPORATION,2973.0,7.0,Yes,,EMPIRE ABO UNIT #037A,S,L-26-17S-28E,L,30-015-01557,O,07/2020,08/2022,6280.0,37560.0,,,0.0,
586,873,APACHE CORPORATION,2973.0,7.0,Yes,,EMPIRE ABO UNIT #038,S,N-26-17S-28E,N,30-015-01550,O,07/2020,08/2022,6435.0,37870.0,,,0.0,
587,873,APACHE CORPORATION,2973.0,7.0,Yes,,EMPIRE ABO UNIT #038B,S,C-35-17S-28E,C,30-015-01736,O,04/2020,05/2022,6345.0,37690.0,,,0.0,
588,873,APACHE CORPORATION,2973.0,7.0,Yes,,EMPIRE ABO UNIT #039,S,O-26-17S-28E,O,30-015-01552,O,04/2020,05/2022,6332.0,37664.0,,,0.0,
589,873,APACHE CORPORATION,2973.0,7.0,Yes,,EMPIRE ABO UNIT #039A,S,J-26-17S-28E,J,30-015-01554,O,07/2020,08/2022,6322.0,37644.0,,,0.0,
590,873,APACHE CORPORATION,2973.0,7.0,Yes,,EMPIRE ABO UNIT #040,S,P-26-17S-28E,P,30-015-01555,O,03/2016,04/2018,6330.0,37660.0,Y,Y,0.0,
591,873,APACHE CORPORATION,2973.0,7.0,Yes,,EMPIRE ABO UNIT #040A,S,I-26-17S-28E,I,30-015-01556,O,07/2020,08/2022,6317.0,37634.0,,,0.0,
592,873,APACHE CORPORATION,2973.0,7.0,Yes,,EMPIRE ABO UNIT #041A,S,L-25-17S-28E,L,30-015-01536,O,07/2020,08/2022,6316.0,37632.0,,,0.0,
593,873,APACHE CORPORATION,2973.0,7.0,Yes,,EMPIRE ABO UNIT #042,S,K-25-17S-28E,K,30-015-01534,O,07/2020,08/2022,6375.0,37750.0,,,0.0,
594,873,APACHE CORPORATION,2973.0,7.0,Yes,,EMPIRE ABO UNIT #043,S,J-25-17S-28E,J,30-015-01538,O,05/2018,06/2020,6374.0,37748.0,Y,Y,0.0,
595,873,APACHE CORPORATION,2973.0,7.0,Yes,,EMPIRE ABO UNIT #045,S,2-30-17S-29E,E,30-015-03188,I,07/2020,08/2022,6375.0,37750.0,,,0.0,
596,873,APACHE CORPORATION,2973.0,7.0,Yes,,EMPIRE ABO UNIT #046A,S,K-30-17S-29E,K,30-015-03194,O,07/2020,08/2022,6360.0,37720.0,,,0.0,
597,873,APACHE CORPORATION,2973.0,7.0,Yes,,EMPIRE ABO UNIT #131A,S,L-02-18S-27E,L,30-015-22807,O,07/2020,08/2022,6145.0,37290.0,,,0.0,
598,873,APACHE CORPORATION,2973.0,7.0,Yes,,EMPIRE ABO UNIT #134,S,M-02-18S-27E,M,30-015-22777,O,10/2018,11/2020,6150.0,37300.0,,,0.0,
599,873,APACHE CORPORATION,2973.0,7.0,Yes,,EMPIRE ABO UNIT #142A,S,K-02-18S-27E,K,30-015-22952,O,07/2020,08/2022,6150.0,37300.0,,,0.0,
600,873,APACHE CORPORATION,2973.0,7.0,Yes,,EMPIRE ABO UNIT #143A,S,K-02-18S-27E,K,30-015-22896,O,07/2020,08/2022,6108.0,37216.0,,,0.0,
601,873,APACHE CORPORATION,2973.0,7.0,Yes,,EMPIRE ABO UNIT #161,S,I-02-18S-27E,I,30-015-22914,O,11/2018,12/2020,6225.0,37450.0,,,0.0,
602,873,APACHE CORPORATION,2973.0,7.0,Yes,,EMPIRE ABO UNIT #182,S,K-01-18S-27E,K,30-015-21792,O,03/2016,04/2018,6369.0,37738.0,Y,Y,0.0,
603,873,APACHE CORPORATION,2973.0,7.0,Yes,,EMPIRE ABO UNIT #183,S,K-01-18S-27E,K,30-015-22096,O,03/2016,04/2018,6210.0,37420.0,Y,Y,0.0,
604,873,APACHE CORPORATION,2973.0,7.0,Yes,,EMPIRE ABO UNIT #192,S,J-01-18S-27E,J,30-015-22560,O,03/2016,04/2018,6250.0,37500.0,Y,Y,0.0,
605,873,APACHE CORPORATION,2973.0,7.0,Yes,,EMPIRE ABO UNIT #193,S,J-01-18S-27E,J,30-015-22657,O,03/2016,04/2018,6225.0,37450.0,Y,Y,0.0,
606,873,APACHE CORPORATION,2973.0,7.0,Yes,,EMPIRE ABO UNIT #194,S,J-01-18S-27E,J,30-015-22658,O,03/2016,04/2018,6325.0,37650.0,Y,Y,0.0,
607,873,APACHE CORPORATION,2973.0,7.0,Yes,,EMPIRE ABO UNIT #201,S,H-01-18S-27E,H,30-015-21553,O,01/2019,02/2021,6225.0,37450.0,,,0.0,
608,873,APACHE CORPORATION,2973.0,7.0,Yes,,EMPIRE ABO UNIT #211,S,5-06-18S-28E,E,30-015-21395,O,07/2020,08/2022,6200.0,37400.0,,,0.0,
609,873,APACHE CORPORATION,2973.0,7.0,Yes,,EMPIRE ABO UNIT #211A,S,6-06-18S-28E,L,30-015-23548,O,08/2018,09/2020,6311.0,37622.0,Y,Y,0.0,
610,873,APACHE CORPORATION,2973.0,7.0,Yes,,EMPIRE ABO UNIT #212,S,5-06-18S-28E,E,30-015-22637,O,05/2018,06/2020,6267.0,37534.0,Y,Y,0.0,
611,873,APACHE CORPORATION,2973.0,7.0,Yes,,EMPIRE ABO UNIT #213,S,5-06-18S-28E,E,30-015-23116,O,12/2018,01/2021,6242.0,37484.0,,,0.0,
612,873,APACHE CORPORATION,2973.0,7.0,Yes,,EMPIRE ABO UNIT #221,S,F-06-18S-28E,F,30-015-21746,O,07/2020,08/2022,6305.0,37610.0,,,0.0,
613,873,APACHE CORPORATION,2973.0,7.0,Yes,,EMPIRE ABO UNIT #222,S,F-06-18S-28E,F,30-015-22012,O,07/2020,08/2022,6303.0,37606.0,,,0.0,
614,873,APACHE CORPORATION,2973.0,7.0,Yes,,EMPIRE ABO UNIT #223,S,F-06-18S-28E,F,30-015-22527,O,12/2015,01/2018,6250.0,37500.0,Y,Y,0.0,
615,873,APACHE CORPORATION,2973.0,7.0,Yes,,EMPIRE ABO UNIT #261,S,N-32-17S-28E,N,30-015-21539,O,02/2016,03/2018,6220.0,37440.0,Y,Y,0.0,
616,873,APACHE CORPORATION,2973.0,7.0,Yes,,EMPIRE ABO UNIT #272,S,O-32-17S-28E,O,30-015-22009,O,02/2016,03/2018,6370.0,37740.0,Y,Y,0.0,
617,873,APACHE CORPORATION,2973.0,7.0,Yes,,EMPIRE ABO UNIT #272A,S,2-05-18S-28E,B,30-015-22526,O,02/2016,03/2018,6350.0,37700.0,Y,Y,0.0,
618,873,APACHE CORPORATION,2973.0,7.0,Yes,,EMPIRE ABO UNIT #281,S,P-32-17S-28E,P,30-015-22597,O,07/2020,08/2022,6330.0,37660.0,,,0.0,
619,873,APACHE CORPORATION,2973.0,7.0,Yes,,EMPIRE ABO UNIT #281A,S,1-05-18S-28E,A,30-015-22011,O,03/2016,04/2018,6362.0,37724.0,Y,Y,0.0,
620,873,APACHE CORPORATION,2973.0,7.0,Yes,,EMPIRE ABO UNIT #291,S,M-33-17S-28E,M,30-015-21541,O,07/2020,08/2022,6350.0,37700.0,,,0.0,
621,873,APACHE CORPORATION,2973.0,7.0,Yes,,EMPIRE ABO UNIT #291A,S,L-33-17S-28E,L,30-015-22864,O,02/2016,03/2018,6250.0,37500.0,Y,Y,0.0,
622,873,APACHE CORPORATION,2973.0,7.0,Yes,,EMPIRE ABO UNIT #291B,S,4-04-18S-28E,D,30-015-22607,O,07/2020,08/2022,6355.0,37710.0,,,0.0,
623,873,APACHE CORPORATION,2973.0,7.0,Yes,,EMPIRE ABO UNIT #293,S,M-33-17S-28E,M,30-015-22010,O,02/2016,03/2018,6379.0,37758.0,Y,Y,0.0,
624,873,APACHE CORPORATION,2973.0,7.0,Yes,,EMPIRE ABO UNIT #322,S,I-33-17S-28E,I,30-015-22525,O,07/2020,08/2022,6250.0,37500.0,,,0.0,
625,873,APACHE CORPORATION,2973.0,7.0,Yes,,EMPIRE ABO UNIT #322A,S,H-33-17S-28E,H,30-015-22594,O,07/2020,08/2022,6344.0,37688.0,,,0.0,
626,873,APACHE CORPORATION,2973.0,7.0,Yes,,EMPIRE ABO UNIT #331,S,E-34-17S-28E,E,30-015-21394,O,05/2020,06/2022,6300.0,37600.0,,,0.0,
627,873,APACHE CORPORATION,2973.0,7.0,Yes,,EMPIRE ABO UNIT #331A,S,L-34-17S-28E,L,30-015-21784,O,07/2020,08/2022,6400.0,37800.0,,,0.0,
628,873,APACHE CORPORATION,2973.0,7.0,Yes,,EMPIRE ABO UNIT #332,S,E-34-17S-28E,E,30-015-21962,O,01/2020,02/2022,6369.0,37738.0,,,0.0,
629,873,APACHE CORPORATION,2973.0,7.0,Yes,,EMPIRE ABO UNIT #333A,S,L-34-17S-28E,L,30-015-22631,O,03/2016,04/2018,6350.0,37700.0,Y,Y,0.0,
630,873,APACHE CORPORATION,2973.0,7.0,Yes,,EMPIRE ABO UNIT #341,S,K-34-17S-28E,K,30-015-21797,O,07/2020,08/2022,6400.0,37800.0,,,0.0,
631,873,APACHE CORPORATION,2973.0,7.0,Yes,,EMPIRE ABO UNIT #341A,S,F-34-17S-28E,F,30-015-22227,O,04/2020,05/2022,6352.0,37704.0,,,0.0,
632,873,APACHE CORPORATION,2973.0,7.0,Yes,,EMPIRE ABO UNIT #341B,S,C-34-17S-28E,C,30-015-22486,O,04/2020,05/2022,6230.0,37460.0,,,0.0,
633,873,APACHE CORPORATION,2973.0,7.0,Yes,,EMPIRE ABO UNIT #342,S,K-34-17S-28E,K,30-015-21964,O,07/2020,08/2022,6376.0,37752.0,,,0.0,
634,873,APACHE CORPORATION,2973.0,7.0,Yes,,EMPIRE ABO UNIT #342A,S,F-34-17S-28E,F,30-015-22863,O,04/2020,05/2022,6371.0,37742.0,,,0.0,
635,873,APACHE CORPORATION,2973.0,7.0,Yes,,EMPIRE ABO UNIT #351,S,G-34-17S-28E,G,30-015-21537,O,04/2020,05/2022,6315.0,37630.0,,,0.0,
636,873,APACHE CORPORATION,2973.0,7.0,Yes,,EMPIRE ABO UNIT #351A,S,J-34-17S-28E,J,30-015-22123,O,04/2020,05/2022,6365.0,37730.0,,,0.0,
637,873,APACHE CORPORATION,2973.0,7.0,Yes,,EMPIRE ABO UNIT #351B,S,B-34-17S-28E,B,30-015-22523,O,07/2020,08/2022,6239.0,37478.0,,,0.0,
638,873,APACHE CORPORATION,2973.0,7.0,Yes,,EMPIRE ABO UNIT #352A,S,J-34-17S-28E,J,30-015-22846,O,04/2020,05/2022,6351.0,37702.0,,,0.0,
639,873,APACHE CORPORATION,2973.0,7.0,Yes,,EMPIRE ABO UNIT #352F,S,G-34-17S-28E,G,30-015-22628,O,07/2020,08/2022,6283.0,37566.0,,,0.0,
640,873,APACHE CORPORATION,2973.0,7.0,Yes,,EMPIRE ABO UNIT #353,S,G-34-17S-28E,G,30-015-22629,O,04/2020,05/2022,6371.0,37742.0,,,0.0,
641,873,APACHE CORPORATION,2973.0,7.0,Yes,,EMPIRE ABO UNIT #354F,S,G-34-17S-28E,G,30-015-22844,O,07/2020,08/2022,6350.0,37700.0,,,0.0,
642,873,APACHE CORPORATION,2973.0,7.0,Yes,,EMPIRE ABO UNIT #361,S,P-27-17S-28E,P,30-015-22803,O,07/2020,08/2022,6414.0,37828.0,,,0.0,
643,873,APACHE CORPORATION,2973.0,7.0,Yes,,EMPIRE ABO UNIT #361A,S,H-34-17S-28E,H,30-015-21963,O,08/2018,09/2020,6350.0,37700.0,Y,Y,0.0,
644,873,APACHE CORPORATION,2973.0,7.0,Yes,,EMPIRE ABO UNIT #362,S,H-34-17S-28E,H,30-015-22630,O,04/2020,05/2022,6384.0,37768.0,,,0.0,
645,873,APACHE CORPORATION,2973.0,7.0,Yes,,EMPIRE ABO UNIT #362A,S,A-34-17S-28E,A,30-015-22817,O,07/2020,08/2022,6350.0,37700.0,,,0.0,
646,873,APACHE CORPORATION,2973.0,7.0,Yes,,EMPIRE ABO UNIT #363,S,A-34-17S-28E,A,30-015-22804,O,07/2020,08/2022,6350.0,37700.0,,,0.0,
647,873,APACHE CORPORATION,2973.0,7.0,Yes,,EMPIRE ABO UNIT #364,S,H-34-17S-28E,H,30-015-22927,O,05/2020,06/2022,6350.0,37700.0,,,0.0,
648,873,APACHE CORPORATION,2973.0,7.0,Yes,,EMPIRE ABO UNIT #371,S,D-35-17S-28E,D,30-015-21535,O,03/2016,04/2018,6390.0,37780.0,Y,Y,0.0,
649,873,APACHE CORPORATION,2973.0,7.0,Yes,,EMPIRE ABO UNIT #371A,S,E-35-17S-28E,E,30-015-21806,O,07/2020,08/2022,6400.0,37800.0,,,0.0,
650,873,APACHE CORPORATION,2973.0,7.0,Yes,,EMPIRE ABO UNIT #372,S,D-35-17S-28E,D,30-015-22203,O,04/2020,05/2022,6383.0,37766.0,,,0.0,
651,873,APACHE CORPORATION,2973.0,7.0,Yes,,EMPIRE ABO UNIT #373,S,E-35-17S-28E,E,30-015-22805,O,04/2020,05/2022,6350.0,37700.0,,,0.0,
652,873,APACHE CORPORATION,2973.0,7.0,Yes,,EMPIRE ABO UNIT #375,S,E-35-17S-28E,E,30-015-22772,O,07/2020,08/2022,6350.0,37700.0,,,0.0,
653,873,APACHE CORPORATION,2973.0,7.0,Yes,,EMPIRE ABO UNIT #376,S,E-35-17S-28E,E,30-015-22786,O,04/2020,05/2022,6357.0,37714.0,,,0.0,
654,873,APACHE CORPORATION,2973.0,7.0,Yes,,EMPIRE ABO UNIT #382,S,C-35-17S-28E,C,30-015-21822,O,04/2020,05/2022,6400.0,37800.0,,,0.0,
655,873,APACHE CORPORATION,2973.0,7.0,Yes,,EMPIRE ABO UNIT #382A,S,F-35-17S-28E,F,30-015-22776,O,04/2020,05/2022,6304.0,37608.0,,,0.0,
656,873,APACHE CORPORATION,2973.0,7.0,Yes,,EMPIRE ABO UNIT #383A,S,F-35-17S-28E,F,30-015-22806,O,07/2020,08/2022,6300.0,37600.0,,,0.0,
657,873,APACHE CORPORATION,2973.0,7.0,Yes,,EMPIRE ABO UNIT #384,S,C-35-17S-28E,C,30-015-22766,O,07/2020,08/2022,6300.0,37600.0,,,0.0,
658,873,APACHE CORPORATION,2973.0,7.0,Yes,,EMPIRE ABO UNIT #391,S,B-35-17S-28E,B,30-015-21826,O,04/2020,05/2022,6404.0,37808.0,,,0.0,
659,873,APACHE CORPORATION,2973.0,7.0,Yes,,EMPIRE ABO UNIT #391A,S,G-35-17S-28E,G,30-015-22911,O,10/2017,11/2019,6245.0,37490.0,Y,Y,0.0,
660,873,APACHE CORPORATION,2973.0,7.0,Yes,,EMPIRE ABO UNIT #393,S,B-35-17S-28E,B,30-015-22819,O,02/2016,03/2018,6300.0,37600.0,Y,Y,0.0,
661,873,APACHE CORPORATION,2973.0,7.0,Yes,,EMPIRE ABO UNIT #395,S,B-35-17S-28E,B,30-015-22843,O,07/2020,08/2022,6350.0,37700.0,,,0.0,
662,873,APACHE CORPORATION,2973.0,7.0,Yes,,EMPIRE ABO UNIT #400,S,G-33-17S-28E,G,30-015-39072,O,09/2017,10/2019,6300.0,37600.0,Y,Y,0.0,
663,873,APACHE CORPORATION,2973.0,7.0,Yes,,EMPIRE ABO UNIT #402,S,I-32-17S-28E,I,30-015-39019,O,02/2016,03/2018,6300.0,37600.0,Y,Y,0.0,
664,873,APACHE CORPORATION,2973.0,7.0,Yes,,EMPIRE ABO UNIT #404,S,G-33-17S-28E,G,30-015-39054,O,04/2020,05/2022,6306.0,37612.0,,,0.0,
665,873,APACHE CORPORATION,2973.0,7.0,Yes,,EMPIRE ABO UNIT #405,S,B-33-17S-28E,B,30-015-39065,O,05/2018,06/2020,6303.0,37606.0,Y,Y,0.0,
666,873,APACHE CORPORATION,2973.0,7.0,Yes,,EMPIRE ABO UNIT #407,S,J-32-17S-28E,J,30-015-39006,O,07/2013,08/2015,6296.0,37592.0,Y,Y,0.0,
667,873,APACHE CORPORATION,2973.0,7.0,Yes,,EMPIRE ABO UNIT #417,S,P-36-17S-27E,P,30-015-39401,O,,,6300.0,37600.0,,,0.0,
668,873,APACHE CORPORATION,2973.0,7.0,Yes,,EMPIRE ABO UNIT #418,S,B-16-18S-27E,B,30-015-39010,O,05/2012,06/2014,6300.0,37600.0,Y,Y,0.0,
669,873,APACHE CORPORATION,2973.0,7.0,Yes,,EMPIRE ABO UNIT #419,S,O-31-17S-28E,O,30-015-39011,O,,,6310.0,37620.0,,,0.0,
670,873,APACHE CORPORATION,2973.0,7.0,Yes,,EMPIRE ABO UNIT #420,S,N-26-17S-28E,N,30-015-39012,O,07/2020,08/2022,6334.0,37668.0,,,0.0,
671,873,APACHE CORPORATION,2973.0,7.0,Yes,309130.0,ENDURA DE STATE #001,S,P-12-21S-35E,P,30-025-03449,O,04/2020,05/2022,3900.0,32800.0,,,0.0,
672,873,APACHE CORPORATION,2973.0,7.0,Yes,,ENDURA DE STATE #002,S,O-12-21S-35E,O,30-025-03450,O,04/2020,05/2022,3908.0,32816.0,,,0.0,
673,873,APACHE CORPORATION,2973.0,7.0,Yes,,ENDURA DE STATE #003,S,J-12-21S-35E,J,30-025-03451,O,07/2020,08/2022,3893.0,32786.0,,,0.0,
674,873,APACHE CORPORATION,2973.0,7.0,Yes,,ENDURA DE STATE #004,S,I-12-21S-35E,I,30-025-03454,G,07/2020,08/2022,3911.0,32822.0,,,0.0,
675,873,APACHE CORPORATION,2973.0,7.0,Yes,309131.0,ERNEST C ADKINS #005,P,H-09-21S-36E,H,30-025-04582,G,07/2020,08/2022,3895.0,32790.0,,,0.0,
676,873,APACHE CORPORATION,2973.0,7.0,Yes,,ERNEST C ADKINS #009,P,O-09-21S-36E,O,30-025-04586,G,07/2020,08/2022,3705.0,32410.0,,,0.0,
677,873,APACHE CORPORATION,2973.0,7.0,Yes,,ERNEST C ADKINS #012,P,J-09-21S-36E,J,30-025-32442,O,07/2020,08/2022,3700.0,32400.0,,,0.0,
678,873,APACHE CORPORATION,2973.0,7.0,Yes,,ERNEST C ADKINS #013,P,B-09-21S-36E,B,30-025-32834,G,04/2020,05/2022,3700.0,32400.0,,,0.0,
679,873,APACHE CORPORATION,2973.0,7.0,Yes,26466.0,EUGENE WOOD #005,P,B-22-22S-37E,B,30-025-10420,O,04/2020,05/2022,8116.0,41232.0,,,0.0,
680,873,APACHE CORPORATION,2973.0,7.0,Yes,,EUGENE WOOD #006,P,A-22-22S-37E,A,30-025-10391,O,07/2020,08/2022,7504.0,40008.0,,,0.0,
681,873,APACHE CORPORATION,2973.0,7.0,Yes,,EUGENE WOOD #007,P,A-22-22S-37E,A,30-025-10392,G,04/2020,05/2022,6440.0,37880.0,,,0.0,
682,873,APACHE CORPORATION,2973.0,7.0,Yes,,EUGENE WOOD #008,P,B-22-22S-37E,B,30-025-10393,O,04/2020,05/2022,6420.0,37840.0,,,0.0,
683,873,APACHE CORPORATION,2973.0,7.0,Yes,,EUGENE WOOD #009,P,G-22-22S-37E,G,30-025-10394,O,07/2020,08/2022,8025.0,41050.0,,,0.0,
684,873,APACHE CORPORATION,2973.0,7.0,Yes,,EUGENE WOOD #010,P,H-22-22S-37E,H,30-025-10395,O,02/2014,03/2016,7670.0,40340.0,Y,Y,0.0,
685,873,APACHE CORPORATION,2973.0,7.0,Yes,,EUGENE WOOD #011,P,G-22-22S-37E,G,30-025-38824,O,04/2020,05/2022,6794.0,38588.0,,,0.0,
686,873,APACHE CORPORATION,2973.0,7.0,Yes,,EUGENE WOOD #012,P,B-22-22S-37E,B,30-025-38812,O,07/2020,08/2022,6700.0,38400.0,,,0.0,
687,873,APACHE CORPORATION,2973.0,7.0,Yes,,EUGENE WOOD #013,P,B-22-22S-37E,B,30-025-39722,O,07/2020,08/2022,4405.0,33810.0,,,0.0,
688,873,APACHE CORPORATION,2973.0,7.0,Yes,,EUGENE WOOD #014,P,G-22-22S-37E,G,30-025-39687,O,07/2020,08/2022,7205.0,39410.0,,,0.0,
689,873,APACHE CORPORATION,2973.0,7.0,Yes,,EUGENE WOOD #015,P,B-22-22S-37E,B,30-025-39723,O,07/2020,08/2022,4428.0,33856.0,,,0.0,
690,873,APACHE CORPORATION,2973.0,7.0,Yes,,EUGENE WOOD #016,P,A-22-22S-37E,A,30-025-39517,O,07/2020,08/2022,4400.0,33800.0,,,0.0,
691,873,APACHE CORPORATION,2973.0,7.0,Yes,,EUGENE WOOD #020,P,A-22-22S-37E,A,30-025-40209,O,07/2020,08/2022,7250.0,39500.0,,,0.0,
692,873,APACHE CORPORATION,2973.0,7.0,Yes,309133.0,FLOUNDER STATE #001,S,C-30-17S-35E,C,30-025-36623,O,07/2020,08/2022,10200.0,45400.0,,,0.0,
693,873,APACHE CORPORATION,2973.0,7.0,Yes,309134.0,FREDERICK H CURRY WN #001,P,P-01-24S-36E,P,30-025-09491,G,07/2020,08/2022,3697.0,32394.0,,,0.0,
694,873,APACHE CORPORATION,2973.0,7.0,Yes,,FREDERICK H CURRY WN #002,P,N-01-24S-36E,N,30-025-26487,G,07/2020,08/2022,3750.0,32500.0,,,0.0,
695,873,APACHE CORPORATION,2973.0,7.0,Yes,,FREDERICK H CURRY WN #003,P,O-01-24S-36E,O,30-025-26881,O,07/2020,08/2022,3750.0,32500.0,,,0.0,
696,873,APACHE CORPORATION,2973.0,7.0,Yes,,FREDERICK H CURRY WN #004,P,K-01-24S-36E,K,30-025-26882,G,07/2020,08/2022,3750.0,32500.0,,,0.0,
697,873,APACHE CORPORATION,2973.0,7.0,Yes,,FREDERICK H CURRY WN #005,P,M-01-24S-36E,M,30-025-27095,G,07/2020,08/2022,3800.0,32600.0,,,0.0,
698,873,APACHE CORPORATION,2973.0,7.0,Yes,,FREDERICK H CURRY WN #006,P,L-01-24S-36E,L,30-025-27249,G,07/2020,08/2022,3747.0,32494.0,,,0.0,
699,873,APACHE CORPORATION,2973.0,7.0,Yes,309135.0,G W TOBY #005,P,O-12-24S-36E,O,30-025-27158,O,12/2016,01/2019,3800.0,32600.0,Y,Y,0.0,
700,873,APACHE CORPORATION,2973.0,7.0,Yes,,G W TOBY #006,P,B-13-24S-36E,B,30-025-27255,O,07/2020,08/2022,3813.0,32626.0,,,0.0,
701,873,APACHE CORPORATION,2973.0,7.0,Yes,309136.0,G W TOBY WN GAS COM #002,P,A-13-24S-36E,A,30-025-09567,O,07/2020,08/2022,3853.0,32706.0,,,0.0,
702,873,APACHE CORPORATION,2973.0,7.0,Yes,,G W TOBY WN GAS COM #004,P,I-12-24S-36E,I,30-025-25007,G,07/2020,08/2022,3550.0,32100.0,,,0.0,
703,873,APACHE CORPORATION,2973.0,7.0,Yes,,G W TOBY WN GAS COM #007,P,G-13-24S-36E,G,30-025-29844,G,07/2020,08/2022,3850.0,32700.0,,,0.0,
704,873,APACHE CORPORATION,2973.0,7.0,Yes,308890.0,GERONIMO 28 STATE COM #001,S,J-28-17S-28E,J,30-015-31829,S,07/2020,08/2022,10488.0,45976.0,,,0.0,
705,873,APACHE CORPORATION,2973.0,7.0,Yes,39578.0,GERONIMO 28 STATE SWD #002,S,I-28-17S-28E,I,30-015-40876,S,07/2020,08/2022,9.0,25018.0,,,0.0,
706,873,APACHE CORPORATION,2973.0,7.0,Yes,26469.0,GILL DEEP #001,P,4-31-21S-37E,M,30-025-25030,O,07/2020,08/2022,6700.0,38400.0,,,0.0,
707,873,APACHE CORPORATION,2973.0,7.0,Yes,,GILL DEEP #002,P,3-31-21S-37E,L,30-025-25118,O,07/2020,08/2022,6700.0,38400.0,,,0.0,
708,873,APACHE CORPORATION,2973.0,7.0,Yes,,GILL DEEP #003,P,N-31-21S-37E,N,30-025-25119,O,07/2020,08/2022,6800.0,38600.0,,,0.0,
709,873,APACHE CORPORATION,2973.0,7.0,Yes,,GILL DEEP #004,P,K-31-21S-37E,K,30-025-25208,O,07/2020,08/2022,6750.0,38500.0,,,0.0,
710,873,APACHE CORPORATION,2973.0,7.0,Yes,,GILL DEEP #005,P,N-31-21S-37E,N,30-025-37217,O,,,4597.0,34194.0,,,0.0,
711,873,APACHE CORPORATION,2973.0,7.0,Yes,,GILL DEEP #006,P,K-31-21S-37E,K,30-025-38684,O,07/2020,08/2022,6875.0,38750.0,,,0.0,
712,873,APACHE CORPORATION,2973.0,7.0,Yes,308891.0,GOLDEN LANE 29 STATE #001Y,S,E-28-20S-30E,E,30-015-34295,G,07/2020,08/2022,12500.0,50000.0,,,0.0,
713,873,APACHE CORPORATION,2973.0,7.0,Yes,23107.0,GRIZZELL #001,P,J-08-22S-37E,J,30-025-10111,O,01/2017,02/2019,3718.0,32436.0,Y,Y,0.0,
714,873,APACHE CORPORATION,2973.0,7.0,Yes,,GRIZZELL #005,P,I-08-22S-37E,I,30-025-10113,O,07/2020,08/2022,5244.0,35488.0,,,0.0,
715,873,APACHE CORPORATION,2973.0,7.0,Yes,,GRIZZELL #007,P,J-08-22S-37E,J,30-025-10115,O,04/2020,05/2022,6616.0,38232.0,,,0.0,
716,873,APACHE CORPORATION,2973.0,7.0,Yes,,GRIZZELL #008,P,P-08-22S-37E,P,30-025-10116,O,07/2020,08/2022,6513.0,38026.0,,,0.0,
717,873,APACHE CORPORATION,2973.0,7.0,Yes,,GRIZZELL #009,P,O-08-22S-37E,O,30-025-20562,O,01/2017,02/2019,6575.0,38150.0,Y,Y,0.0,
718,873,APACHE CORPORATION,2973.0,7.0,Yes,,GRIZZELL #010,P,I-08-22S-37E,I,30-025-26723,O,01/2017,02/2019,7508.0,40016.0,Y,Y,0.0,
719,873,APACHE CORPORATION,2973.0,7.0,Yes,,GRIZZELL #011,P,P-08-22S-37E,P,30-025-24972,I,03/2018,04/2020,3900.0,32800.0,Y,Y,0.0,
720,873,APACHE CORPORATION,2973.0,7.0,Yes,,GRIZZELL #012,P,P-08-22S-37E,P,30-025-35269,G,07/2020,08/2022,4300.0,33600.0,,,0.0,
721,873,APACHE CORPORATION,2973.0,7.0,Yes,,GRIZZELL #017,P,I-08-22S-37E,I,30-025-38405,O,07/2020,08/2022,6960.0,38920.0,,,0.0,
722,873,APACHE CORPORATION,2973.0,7.0,Yes,,GRIZZELL #018,P,P-08-22S-37E,P,30-025-40082,O,07/2020,08/2022,6800.0,38600.0,,,0.0,
723,873,APACHE CORPORATION,2973.0,7.0,Yes,23510.0,GULF HILL #001,P,J-04-21S-37E,R,30-025-06401,O,05/2020,06/2022,5974.0,36948.0,,,0.0,
